2540 3543
239 472 289 505 -‚,
344 417 724 492 exhiberet
746 414 1086 489 Patriciis
1112 417 1643 507 Illustriflimis3
1683 431 1769 500 Id
1806 352 2138 505 corrigo*

243 573 289 609 „
342 520 430 591 de
485 535 913 590 eventurum
948 572 968 601 ,
1028 522 1415 616 postquam
1450 527 1940 606 Sanstiffimus
1972 539 2138 610 Cle-

234 676 285 708 »,,
339 623 775 695 mentiffime
807 626 1203 699 indulserat
1222 632 1728 722 Apostolicam
1760 639 1853 706 ad
1873 639 2131 713 Sedem

240 781 288 813 ‚,
337 729 620 801 differri
648 730 1002 805 acceffum
1020 788 1035 805 .
1097 734 1380 806 Testari
1399 738 1936 823 observantiam
1955 794 1977 823 ,
2000 746 2135 815 stu-

238 884 284 918 „
337 837 692 927 diumque
728 839 1193 931 praecipuum
1249 843 1729 934 impertiendi
1773 869 1936 939 quae
1964 847 2134 929 Pro·

238 992 284 1023 „
338 941 621 1012 ceribus
651 959 905 1035 grata,
937 943 1052 1015 vel
1087 945 1163 1015 in
1196 968 1356 1019 rem
1389 948 1863 1043 ¹forent-,utve
1896 953 2133 1043 juffio-

236 1098 284 1130 ,‚
339 1068 424 1118 ne
461 1046 712 1138 aliqua
748 1065 1344 1139 praetentaretur.

448 1151 894 1251 Responsum
935 1157 1270 1228 omnium
1308 1176 1524 1242 voto;
1582 1212 1631 1242 „
1680 1164 2133 1239 Humanisfi-

236 1306 285 1340 ,‚
338 1277 543 1326 mam
590 1261 943 1351 paginam
984 1264 1323 1351 proximi
1379 1269 1732 1340 adventus
1789 1273 2134 1345 nunciam

238 1412 285 1442 „
337 1360 767 1453 respondere
826 1366 1452 1447 vehementiffimo
1483 1423 1506 1453 ,
1555 1394 1704 1465 quo
1758 1378 2134 1461 arderent,

238 1518 284 1550 „
339 1467 691 1538 defiderio
767 1472 1293 1563 procumbendi
1361 1479 1456 1555 ad
1504 1476 1973 1562 Pontificium
2020 1486 2131 1556 di-

241 1625 287 1656 „
340 1572 701 1645 leciiffirni
726 1572 966 1648 Patris
996 1576 1068 1646 &
1092 1577 1404 1654 Pastoris
1432 1582 1730 1657 solium.
1778 1585 2132 1680 Pergrato

243 1731 287 1761 „
342 1680 635 1759 animo,
659 1682 875 1770 pleno
931 1682 1276 1775 obsequio
1311 1689 1563 1781 excipi
1600 1683 2133 1783 benignissimos

245 1837 290 1868 ,‚
342 1783 573 1871 sensus
626 1784 1192 1864 Eminentiffimi
1264 1792 1567 1865 Infulati
1604 1852 1619 1868 .
1694 1793 2133 1870 Imminente

240 1942 287 1973 ‚,
341 1890 560 1981 ipfius
608 1894 924 1967 adventu
980 1895 1389 1969 admodum
1431 1899 1639 1973 laetos
1666 1957 1688 1985 ‚
1730 1902 1799 1971 ὅ(
1829 1903 2133 1992 cuiusvis

241 2048 288 2078 ,‚
344 2017 572 2067 morae
608 1998 1080 2088 impatientes
1119 2021 1385 2092 cupere
1426 1996 1751 2096 parentis
1783 2009 2132 2091 ,amantis-

240 2151 287 2183 „
342 2102 502 2172 fimi
534 2103 606 2170 in
641 2101 1024 2194 conspec‘tu
1057 2106 1355 2178 filialem
1386 2112 1700 2201 probare
1730 2116 2133 2195 veneratio-

244 2256 290 2287 „
346 2229 549 2276 nem.
582 2206 830 2277 Fausta
853 2210 1153 2283 demum
1183 2213 1249 2281 ei
1270 2216 1559 2295 cuncta,
1580 2219 1782 2307 queis
1800 2241 2131 2290 commu-

241 2360 289 2390 „
342 2313 450 2380 nis
480 2313 722 2401 patria
744 2313 967 2384 dubio
987 2315 1243 2406 procul
1265 2319 1857 2412 prosperaretur,
1878 2346 2132 2415 preca-

240 2464 287 2497 „
340 2417 407 2485 ri
436 2417 473 2484 a
510 2413 841 2506 Superis,
871 2420 941 2489 δε
978 2421 1201 2495 sistere
1236 2422 1301 2495 se
1337 2423 1401 2494 se
1437 2428 2009 2501 venerabundos,

450 2519 724 2600 Actum
757 2522 955 2594 illico
983 2528 1072 2597 de
1093 2526 1553 2613 instruendiS,
1577 2537 1704 2626 qui
1733 2535 2125 2604 solemnem

241 2621 578 2697 Pontifici
630 2626 1018 2720 ingreffum
1066 2653 1416 2725 pararent
1446 2688 1468 2716 ,
1511 2641 1969 2731 triumphis,
2007 2640 2126 2708 sed

215 2727 554 2820 ‘publicae
591 2734 695 2810 rei
727 2737 1046 2827 angustia
1069 2739 1459 2814 Procerum
1493 2766 1782 2836 quoque
1815 2744 2128 2834 angebat

240 2835 524 2906 animos
561 2838 655 2908 ad
691 2841 1028 2918 maxima
1062 2866 1371 2936 quaeque
1418 2849 1829 2919 conversos.
1888 2846 2127 2940 Incly-

232 2955 314 3017 ,εει
346 2940 796 3037 Metropolis
818 2947 917 3046 ,in-
939 2945 1197 3022 Italico
1238 2951 1387 3022 solo
1422 2953 1837 3029 Civitatum
1885 2955 2125 3025 maxi-

1857 3079 2027 3142 ma,
