2540 3543
522 307 611 376 16

406 422 513 478 tes
527 461 550 491 ,
567 405 806 503 qualis
823 403 894 477 &
914 417 1222 496 quantus
1248 400 1378 473 soli
1399 399 1629 495 patrii
1665 400 1884 470 decor
1919 400 1990 470 in
2010 397 2302 470 Medio·

404 514 670 587 lanenfi
693 509 1079 583 Nobilium
1112 507 1450 600 Collegio
1484 557 1506 588 ,
1542 505 1814 578 exinde
1851 506 1924 577 in
1967 504 2307 576 Romano

409 618 818 692 seminario
851 615 1321 686 humaniores
1348 613 1642 691 literas,
1679 611 2154 681 Rhetoricam
2192 608 2300 680 fa-

412 726 768 798 cultatem
788 773 807 803 ,
825 721 895 791 &
918 719 1516 810 Philosophicam
1550 716 1925 786 scientiam
1960 716 2304 807 apprime

416 829 780 902 didicisset
809 878 830 906 ,
858 847 1042 895 mox
1073 820 1658 912 patriis'laribus
1685 819 2046 890 restitutus
2095 822 2300 891 theo-

417 937 690 1029 logicas
730 929 958 999 theses
999 927 1440 995 enodantem
1475 923 2040 993 eruditissimum
2072 927 2302 995 omni·

419 1062 563 1130 que
604 1038 967 1108 virtutum
999 1030 1072 1099 ὃ(
1105 1028 1570 1100 scientiarum
1605 1030 1813 1118 apice
1851 1030 2305 1100 emi-nentem

419 1138 877 1216 Franciscum
923 1135 1228 1207 Saxium
1277 1151 1445 1204 tunc
1493 1135 1570 1204 in
1619 1131 2145 1205 Mediolanensi
2189 1134 2302 1205 Se-

420 1246 738 1326 minario
783 1244 1033 1315 studiis
1076 1238 1520 1312 Praefectum
1568 1238 1840 1309 exinde
1889 1237 2302 1312 florenti-ffi-

424 1379 570 1432 mae
636 1349 749 1422 SS.
798 1346 1159 1423 Ambrofii
1203 1346 1276 1416 &
1323 1343 1576 1416 Caroli
1621 1342 2061 1415 Oblatorum
2116 1345 2307 1416 Con-

422 1457 871 1559 gregationis
903 1451 1389 1546 Praepofitum
1406 1449 1841 1523 Generalem
1863 1501 1883 1529 ‚
1904 1472 2085 1521 nunc
2123 1453 2309 1522 inter

423 1564 820 1663 primarios
862 1556 1463 1650 Metropolitanae
1523 1554 1848 1627 Ecclefiae
1906 1556 2312 1629 Canonicos

429 1685 864 1764 cooptatum
905 1664 1245 1736 maximo
1283 1665 1353 1734 ὃς
1384 1661 1596 1756 supra
1635 1676 1936 1731 aetatem
1968 1661 2308 1752 profee'm

426 1773 844 1855 audiviffet3
899 1770 1022 1845 Ut
1051 1772 1146 1841 ad
1182 1767 1473 1841 Urbem
1498 1765 1810 1839 reversus
1844 1767 1944 1837 ibi
1971 1770 2308 1842 Advoca-

428 1884 650 1960 tionis
681 1932 702 1961 ,
735 1879 996 1951 dehinc
1030 1875 1380 1946 ferrariae
1414 1875 1483 1943 ὅτ,
1516 1870 1862 1943 Bononiae
1900 1870 2307 1965 Prolegati,

435 1987 800 2085 postremo
839 1983 1040 2076 apud
1071 1980 1401 2051 Polo-niae
1442 1982 1719 2071 Regem
1752 1978 2018 2050 Nuncii
2063 2001 2312 2050 mune·-

437 2117 516 2168 re
549 2145 569 2175 ,
603 2086 1235 2163 Theffalonicenfis
1283 2085 1577 2177 quoque
1607 2081 1932 2154 Ecclesiae
1977 2083 2314 2175 fastigio,

437 2197 789 2286 fimulque
838 2192 1199 2266 familiari
1240 2189 1707 2264 Odefcalchae
1742 2191 1974 2282 gentis
2017 2192 2310 2261 nomine

442 2303 742 2378 Divinae
773 2301 847 2370 in
879 2317 1241 2369 terrarum
1263 2296 1459 2366 Orbe
1488 2296 1686 2365 vocis
1720 2294 2041 2366 Oraculo
2075 2297 2146 2365 in
2176 2295 2320 2366 fre-

442 2403 1295 2505 quentiPurpuratorum
1334 2415 1691 2472 conventu
1721 2402 1997 2491 juvenis
2028 2401 2320 2472 decora-

440 2537 555 2590 tus
575 2512 669 2582 ad
697 2507 961 2602 patriae
979 2504 1500 2576 Pontificatum
1521 2505 1745 2596 quam
1763 2506 2140 2577 celerrime
2160 2528 2323 2598 per-

444 2616 778 2698 veniffet.
835 2613 952 2683 Ad
981 2625 1257 2682 naturae
1293 2610 1519 2680 etiam
1562 2631 1899 2691 munera,
1928 2613 2165 2703 gentis
2194 2633 2322 2680 no-

452 2726 817 2800 bilitatem
840 2766 865 2798 ,
893 2715 1214 2788 sermone
1242 2715 1580 2787 converso
1598 2766 1619 2796 ‚
1652 2715 2162 2787 memorabant
2189 2715 2326 2786 ali-

449 2831 580 2924 qui
617 2825 810 2897 illius
843 2824 1125 2899 Avum‚
1161 2820 1233 2890 ὃ(
1263 2820 1620 2913 sanguinis
1656 2821 1890 2891 nitore
1912 2871 1932 2900 ,
1962 2820 2032 2889 ὃ(
2066 2818 2327 2893 sororii

452 2931 740 3010 Summi
756 2925 1124 3003 Pontificis
1143 2925 1545 2999 Innocentii
1564 2923 1690 3000 XI.
1712 2925 2056 2998 affinitate
2089 2924 2331 2995 claris-

1964 3030 2229 3100 fimum
