2540 3543
495 291 527 352 ς
554 264 593 336 8

370 369 712 471 Quocum
766 368 1126 440 comitatu
1157 418 1181 448 ,
1209 367 1673 440 reboantibus
1707 385 1804 439 ex
1862 387 2026 439 arce
2069 366 2279 439 bom-2

373 477 621 550 bardis
647 525 669 556 ,
700 494 785 546 ac
818 472 1020 547 sacro
1078 472 1425 546 universae
1458 472 1811 546 Civitatis
1859 495 2033 552 aere,
2057 494 2278 545 cano-

378 582 620 674 risque
656 582 906 652 novati
940 581 1190 673 operis
1232 578 1434 651 lituis
1487 580 1885 668 jucundum
1939 600 2282 650 murmur

382 686 798 767 edentibuS,
831 686 1261 757 maximum
1293 683 1661 754 Laudense
1693 683 2060 776 templum
2090 692 2115 772 (
2144 685 2280 754 in..

386 794 676 866 extima
719 793 915 880 cujus
955 788 1269 880 planitie
1324 790 1572 858 caeteri
1628 787 1949 860 laudatae
1982 790 2286 882 legionis

388 899 665 970 milites
718 896 790 965 in
835 894 1073 962 aciem
1112 891 1440 982 dispositi
1485 891 1961 963 venustiflime
2016 894 2289 966 emica-

388 1008 606 1092 bant)
640 997 979 1090 ingressus
1006 993 1229 1066 Ciero
1284 997 1711 1067 obveniente
1740 1047 1763 1077 ,
1811 998 2290 1090 muficisq-ue,

394 1107 637 1180 choris
664 1100 1215 1193 exquifitiffime
1244 1102 2088 1183 concinentibus‚Deum
2115 1125 2290 1195 piro-

398 1212 492 1307 pe
521 1213 755 1285 Aram
784 1207 1195 1278 Primorem
1244 1221 1622 1281 veneratus
1652 1258 1674 1287 ,
1708 1206 2293 1302 frequentissimo

395 1315 666 1390 exinde
718 1312 1000 1404 Populo
1053 1311 1636 1385 benedittionem
1694 1313 2045 1407 elargitus
2088 1312 2295 1406 Epis-

397 1423 573 1517 copi
605 1422 678 1492 in
711 1420 899 1492 aedes
926 1418 1285 1491 concessit.

506 1527 641 1598 Per
687 1526 886 1597 idem
933 1537 1224 1617 tempus
1262 1522 1685 1615 praemoniti
1717 1524 1809 1595 ab
1838 1520 2074 1597 Urbis
2100 1520 2293 1595 Prae-

400 1633 595 1705 feeco
640 1630 1085 1703 advenerant
1117 1630 1189 1700 &
1223 1630 1573 1703 Civitatis
1605 1628 1675 1696 &
1708 1629 2298 1719 jurisperitorum

401 1738 718 1832 Collegii
753 1734 1101 1807 Oratores
1127 1788 1149 1817 ‚
1184 1750 1261 1804 ut
1297 1736 1422 1805 fibi
1456 1736 1983 1805 demandatum
2018 1737 2058 1804 a
2095 1736 2299 1804 caeti-

405 1845 533 1916 bus
564 1841 985 1934 obsequium
1020 1841 1535 1933 profiterentur
1570 1871 1589 1921 5
1648 1840 1974 1909 Aderant
2008 1859 2301 1931 quoque

406 1948 707 2021 Nobiles
724 1945 1227 2019 Confalonerii
1259 1962 1340 2018 ut
1369 1944 1701 2017 consueta
1732 1942 2039 2017 familiae
2066 1944 2302 2015 officia

412 2055 879 2146 explicarent
905 2108 921 2123 .

516 2160 821 2230 Posterae
839 2159 988 2230 diei
1010 2157 1184 2229 stata
1206 2158 1381 2229 hora
1421 2156 1994 2229 antemeridiana
2012 2153 2302 2226 coactos

416 2264 492 2334 in
519 2262 858 2354 Principe
876 2262 1224 2334 Laudenfi
1259 2261 1564 2334 Ecclefia
1581 2261 2141 2333 Mediolanenfis
2176 2258 2303 2330 Ci-

416 2368 669 2442 vitatis
720 2366 1061 2437 Proceres
1113 2368 1430 2438 deduxit
1485 2368 1579 2438 ad
1627 2367 2059 2460 Episcopale
2099 2363 2305 2436 Pala-

412 2474 604 2544 tium
642 2471 1245 2542 Ceremoniarum
1281 2470 1635 2565 Magister
1669 2524 1692 2554 ,
1736 2473 2158 2546 obveniente
2209 2470 2307 2542 ad

414 2577 636 2649 scalas
657 2576 1069 2646 Cardinalis
1098 2576 1535 2657 ministerio,
1567 2581 1660 2648 ad
1694 2595 2052 2649 extremae
2086 2575 2306 2667 usque

417 2682 748 2753 Proaulae
779 2680 973 2751 fores
1002 2681 1287 2751 tribulis
1316 2680 1715 2755 famulatus
1747 2685 1885 2756 aedi
1919 2683 2309 2753 contermi-

421 2809 546 2859 nas
599 2787 911 2880 ipsomet
959 2786 1351 2858 Cardinale
1382 2843 1394 2856 .
1470 2784 1632 2861 Ubi
1688 2791 1950 2861 dehinc
2023 2789 2306 2857 audito-

418 2896 614 2966 rium
647 2908 1026 2976 tenuerunt
1070 2894 1316 2986 capite
1361 2913 1609 2967 omnes
1639 2911 1898 2988 operto
1944 2892 2305 2963 considen-

1549 3030 1556 3034 ·
2055 3011 2196 3074 tes,
