2540 3543
459 249 559 317 6'0

358 400 404 430 ,2
458 370 542 422 ac
563 345 1098 422 venerationem
1119 344 1384 417 iterato
1412 364 1784 437 exponens
1811 344 2249 438 nilamplius

357 505 403 534 „
452 452 784 547 optabile
808 449 1156 542 professus
1188 450 1408 522 fuerit
1430 501 1453 531 ,
1480 452 1602 522 nisi
1640 452 2054 544 longaevum
2089 467 2248 522 tan-

356 609 406 642 „
462 562 522 631 ti
555 555 916 648 Principis
945 557 1420 629 moderamen
1450 608 1471 636 ,
1507 558 1704 648 quod
1739 559 1779 626 a
1813 554 2089 647 Supero
2122 557 2247 626 bo-

359 714 404 743 „
461 684 721 735 norum
778 663 1107 732 omnium
1157 661 1543 753 Largitore
1612 661 1803 730 effufi
1873 662 1948 730 in
2004 681 2252 753 preces

360 821 407 850 „
460 769 777 839 Concilii
813 767 1150 835 Proceres
1207 781 1598 835 exorarent
1630 818 1646 835 .
1705 814 1750 842 ,,
1803 765 1988 835 Rara
2021 765 2252 837 subin·-

360 875 448 944 de
486 873 944 943 humanitate
995 871 1067 938 in
1103 868 1409 960 singulos
1439 866 1752 959 Legatos
1794 869 2252 958 explicita..,'

361 977 846 1070 digredientes
901 993 1150 1041 omnes
1206 973 1299 1041 ad
1339 972 1663 1041 mediam
1726 972 1940 1063 usque
1980 974 2253 1046 servilis

358 1080 741 1152 ministerii
800 1075 1002 1146 scalis
1056 1079 1487 1167 proximam
1539 1077 1774 1147 aedem
1841 1076 2254 1168 prosecutus

361 1186 457 1255 est
477 1180 1392 1254 Cardinalislllustriflimo
1413 1180 1698 1272 semper
1735 1182 1951 1253 titulo
1986 1183 2252 1255 allocu-

358 1305 523 1371 tus,
555 1290 1165 1380 deduxeruntque
1218 1289 1311 1358 ad
1369 1289 1559 1358 imos
1617 1286 1832 1378 usque
1880 1286 2251 1361 Scalarum

358 1398 625 1491 gradus
657 1394 898 1466 Aulici
931 1393 1363 1465 Administri
1386 1448 1401 1464 .

463 1503 576 1573 Ab
647 1500 957 1579 eodem,
1011 1501 1084 1569 in
1145 1520 1290 1591 quo
1358 1515 1892 1578 convenerant,
1927 1498 2244 1592 Templo

356 1609 601 1700 postea
632 1605 927 1676 dedusti
959 1606 996 1676 a
1023 1605 1328 1677 Rituum
1349 1601 1743 1695 Praepofito
1767 1607 1856 1674 ad
1889 1608 2247 1696 prodeun-

363 1731 512 1783 tem
564 1712 638 1782 in
694 1711 1022 1781 mediam
1078 1709 1295 1801 usque
1344 1707 1736 1780 proaulam
1771 1710 2244 1781 Cardinalem

358 1814 916 1887 Mediolanenfis
947 1814 1537 1906 Jurisperitorum
1581 1813 1896 1906 Collegii
1943 1813 2248 1907 Legati,

360 1922 751 2014 aulamque
785 1921 1067 2013 ingrefii
1101 1937 1396 2012 paratas
1430 1936 1880 2008 occuparunt
1914 1920 2104 1989 sedes
2136 1921 2250 2010 pi-

365 2025 479 2096 leo
515 2043 735 2120 caput
779 2040 1102 2119 tegente.
1158 2076 1203 2106 ‚,
1258 2024 1454 2094 Tum
1495 2027 1663 2095 vero
1687 2023 2029 2094 Marchio
2060 2025 2249 2096 Hia-

365 2181 409 2212 „
465 2133 781 2222 cynthus
810 2131 1215 2224 Orrigonus
1249 2129 1591 2222 exposuit
1624 2163 1643 2211 3
1698 2129 1917 2199 Fuiffe
1953 2151 2116 2199 eam
2147 2130 2247 2200 le-

360 2287 405 2316 „
447 2236 825 2328 ‹gationem
885 2238 925 2305 a
977 2236 1312 2328 Collegio
1351 2237 1720 2305 decretam
1782 2251 1858 2303 ut
1915 2235 2246 2307 debitum.

360 2390 405 2421 „
460 2338 968 2433 gratulationis
1016 2361 1100 2410 ac
1151 2341 1632 2412 venerationis
1680 2338 1998 2409 officium
2042 2339 2243 2411 Emi-

361 2496 405 2527 „
463 2442 722 2515 nentiae
755 2440 909 2513 Suae
955 2445 1423 2514 exhiberetur
1456 2478 1473 2524 3
1528 2444 1695 2515 Hac
1730 2446 2023 2514 honoris
2054 2466 2246 2536 prae-

357 2601 404 2631 „
459 2549 672 2638 cipua
706 2547 1084 2618 acceffione
1109 2546 1308 2619 fuiffe
1344 2548 1524 2619 illud
1558 2550 2240 2643 decoratum,quod

358 2705 402 2737 ‚,
456 2651 905 2744 Ostrigerum
947 2649 1559 2723 Archissaminem
1614 2657 1890 2746 generis
1934 2654 2239 2726 claritu-

350 2810 395 2840 „
449 2761 615 2831 dine
650 2808 671 2836 ‚
728 2757 1298 2848 exquisltiffimis
1353 2759 1582 2827 animi
1636 2760 1979 2838 dotibus,
2035 2761 2237 2832 omni

345 2915 388 2944 ‚,
445 2865 908 2939 scientiarum
965 2863 1463 2952 virtutumque
1524 2883 1774 2955 genere
1829 2861 2232 2953 florentissi-⁴

1811 3016 1854 3047 „
1909 2987 2119 3036 mum
