2540 3543
391 374 771 468 scripturae
803 373 1185 447 sententias
1212 375 1696 461 exhibebant3
1728 377 2275 451 Venustisfimus

393 481 692 554 subin-de
740 481 1193 573 epheborum
1223 504 1317 553 ex
1359 485 1615 555 iisdem
1647 485 2003 556 sodalitiis
2043 484 2273 556 Caele-

395 587 529 656 stes
559 587 789 658 Alites
823 589 1123 658 innoxie
1156 590 1670 661 mentientium
1704 588 2124 662 Comitatus
2157 590 2275 660 sti-

395 693 626 783 pabat
673 693 992 762 eruditos
1032 694 1105 763 in
1137 693 1468 786 symbola
1517 696 2063 788 antefignanos‚
2094 717 2274 788 quo-

398 819 565 868 rum
603 798 904 887 quisque
936 811 1016 865 ut
1049 799 1450 886 procedens
1472 800 1568 867 ad
1599 798 1961 870 sedentem
1999 803 2072 871 in
2110 799 2273 871 Cae-

394 903 595 973 nobii
646 898 1032 990 peristylio
1080 898 1559 970 Cardinalem
1623 905 2277 997 appropinquabat

397 1003 892 1078 venerabunde
941 1001 1301 1074 subfistens
1332 1005 1691 1077 distichon
1743 1009 1854 1080 vel
1902 1011 2275 1103 epigram-

399 1132 575 1188 ma,
621 1108 1034 1200 lyricumve
1080 1110 1544 1201 perstrictum
1600 1111 1870 1185 Poema
1919 1115 2275 1187 schemati

393 1213 947 1284 consentaneum
995 1220 1325 1286 materna
1354 1218 1709 1289 recitabat
1744 1220 1988 1314 lingua
2025 1271 2045 1299 ‚
2084 1241 2272 1290 mox

392 1319 742 1410 pastorali
784 1319 1281 1392 benedictione
1329 1323 1636 1394 donatus
1684 1326 1825 1396 iter
1878 1325 2270 1416 proseque-

390 1427 636 1496 batur.
691 1424 824 1495 Nil
865 1423 1026 1495 sane
1058 1429 1372 1520 gratius,
1409 1428 1592 1501 nihil
1638 1428 2018 1518 jucundius
2053 1431 2267 1502 exhi-

394 1531 552 1600 beri
584 1530 831 1621 potuit
849 1527 1356 1606 pontificalem
1391 1534 1819 1626 adipiscenti
1853 1534 2111 1607 Sedem
2131 1539 2268 1609 Re-

395 1634 845 1728 ligiofifiimo
874 1637 1422 1712 Archiantistiti
1458 1689 1480 1720 ‚
1526 1642 1750 1732 quam
1810 1657 1886 1711 ut
1937 1643 2269 1733 perennis

397 1741 469 1809 ὅ(
514 1740 945 1833 neutiquam
988 1744 1382 1817 intermissa
1427 1767 1523 1817 ex
1558 1747 1738 1818 Divi
1777 1746 2027 1817 Caroli
2072 1748 2268 1817 insti-

399 1860 562 1918 tuto
628 1844 1132 1921 Ecclefiasticae
1207 1851 1610 1942 disciplinae
1683 1854 2278 1942 potiffimaeun,

391 1951 744 2024 doc'trinae
801 1951 1060 2035 series,
1106 1956 1275 2027 hinc
1331 1956 1620 2028 subacta
1680 1958 1996 2039 haerefi5‚
2031 1957 2278 2027 excul-

396 2070 492 2126 tae
527 2057 830 2130 virtutes
861 2111 882 2140 ,
912 2062 1094 2132 vitia
1130 2058 1527 2155 profligata
1566 2065 1926 2135 intentum
1973 2065 2065 2134 ad
2111 2063 2274 2155 pios

398 2164 803 2253 progrefl‘us
848 2167 1178 2239 animum
1214 2168 1747 2239 exhilararent.

500 2265 829 2339 Praelatis
876 2272 947 2340 in
986 2272 1293 2365 fingulos
1340 2273 1724 2364 insignibus
1767 2272 1902 2344 suis
1948 2274 2271 2345 succede-

398 2370 571 2440 bant
604 2372 899 2463 piorum
940 2373 1298 2446 sodalium
1330 2396 1553 2447 caetus
1588 2434 1608 2462 ,
1644 2383 1962 2471 praevios
2005 2381 2274 2451 hilares

393 2474 678 2545 sonores
719 2478 1091 2549 edentibus
1151 2479 1355 2551 lituis
1407 2534 1426 2561 ,
1471 2483 1983 2577 alatorumque
2046 2484 2274 2558 veluti

392 2579 743 2651 Caelitum
798 2580 1162 2674 frequenti
1217 2606 1436 2658 manu
1505 2587 1785 2660 sacrum
1842 2592 2109 2663 divinae
2167 2590 2273 2662 rei

393 2704 840 2776 apparatum
892 2688 1325 2778 praeferente
1360 2747 1376 2761 .
1451 2690 1655 2766 Binae
1713 2695 2072 2786 Principis
2119 2693 2272 2765 Gu-

396 2793 797 2861 bernatoris
826 2794 1340 2865 excubitorum
1374 2812 1637 2870 turmae
1662 2853 1681 2879 ‚
1703 2801 2118 2870 dustoribus
2153 2820 2269 2869 ve-

390 2894 603 2967 stium
643 2917 1145 2991 equorumque
1181 2899 1361 2972 luxu
1416 2903 2267 2996 conspicuisdequeban-

2006 3027 2155 3078 tur.
