2540 3543
509 313 548 359 2

391 395 657 488 insigne
706 389 1091 477 Comitum
1162 390 1234 460 &
1280 387 1639 485 Equitum
1705 393 2307 486 Jurisperitorum

395 495 940 571 Mediolanense
976 494 1395 587 Collegium
1427 550 1448 579 ‚
1494 517 1623 568 nec
1679 520 1821 569 non
1852 499 2305 571 Hermathe-

398 606 608 676 naica
629 602 1108 674 Celeberrimi
1127 602 1584 676 Ambrofiani
1615 601 2004 676 Seminarii
2025 605 2307 676 Acade-

404 712 600 780 mia:
631 706 1064 779 Nobilitatis
1092 709 1525 801 virtutisque
1547 707 2003 802 splendorem
2037 712 2109 780 in
2132 710 2309 782 Pur-

405 829 676 906 purato
724 814 1079 903 tanquam
1127 814 1204 884 in
1239 813 1645 904 capitolino
1682 812 2064 903 sapientiae
2117 815 2311 887 clivo

406 920 590 990 illud
625 916 975 1007 exprefiit
1005 937 1150 1007 qua
1192 917 1313 986 die
1363 915 1605 1007 ipsum
1642 915 2312 995 Eminentiffimum

409 1023 796 1115 Collegam
825 1019 1129 1090 solemni
1185 1020 1332 1091 ritu
1390 1021 1830 1115 inauguraris
1873 1022 2046 1093 cum
2106 1045 2312 1095 raras

410 1128 607 1200 illius
633 1125 866 1196 animi
897 1124 1102 1194 dotes
1121 1128 1463 1204 ,virtutes
1480 1178 1501 1207 ,
1537 1148 1837 1199 munera
1859 1180 1878 1207 ,
1897 1129 2315 1222 dignitate5‚

416 1234 581 1304 tum
627 1230 1144 1302 nobiliffimam
1201 1236 1569 1322 majorum
1602 1231 1864 1306 seriem
1912 1235 2130 1327 longo
2186 1255 2316 1306 nu-

417 1338 850 1415 mismatum
881 1338 1135 1406 ordine
1169 1353 1390 1430 atque
1421 1339 1954 1432 epigraphycis
1996 1340 2070 1409 in
2106 1339 2318 1409 tabu-

422 1444 511 1516 lis
541 1442 1182 1526 commonstravit,
1212 1462 1286 1515 ut
1317 1460 1712 1536 appareret
1745 1445 1949 1514 unius
1983 1445 2315 1515 animum

423 1549 754 1642 plurium
801 1569 1064 1640 capere
1098 1547 1473 1621 fortunam
1511 1548 1583 1617 δε
1614 1549 1906 1620 diffusos
1936 1549 2312 1621 clariffimi

422 1655 786 1748 sanguinis
819 1656 1017 1726 rivos
1048 1655 1119 1724 in
1159 1677 1382 1726 unum
1414 1651 2025 1747 confluere-supra
2065 1677 2316 1726 omnes

428 1762 999 1832 admirationem
1038 1764 1529 1851 promeritum
1566 1815 1584 1833 .
1653 1759 2106 1853 Panegyrica
2151 1764 2323 1832 tunc

427 1866 777 1939 Oratione
795 1866 1332 1938 Eruditiffimus
1352 1868 1590 1937 Abbas
1605 1864 1861 1939 Ermes
1879 1865 2239 1939 Redenasc
2250 1889 2328 1939 us

430 1973 760 2045 laudavit
792 1994 1012 2065 quem
1044 1972 1562 2072 elegantiffimo
1594 1972 1801 2065 prius
1833 1973 2335 2063 epicherema-

430 2097 503 2150 te
534 2080 1184 2149 commendaverat
1224 2081 1706 2171 undequaque
1733 2076 2179 2148 Clariffimus
2200 2078 2335 2148 Re-

437 2184 595 2277 gius
627 2185 825 2273 apud
853 2183 1146 2256 Civicos
1188 2186 1396 2273 hujus
1423 2181 1874 2270 Metropolis
1905 2182 2149 2253 Caetus
2182 2180 2331 2253 Lo-

436 2285 890 2359 cumTenens
913 2288 1177 2357 Comes
1198 2291 1289 2363 Jo.
1312 2287 1639 2380 Baptista
1657 2286 1957 2360 Trottus
1986 2288 2333 2360 Eminen-

437 2393 689 2466 tiffimi
722 2396 1056 2483 cooptati
1085 2393 1330 2463 Affinis
1350 2415 1660 2485 eamque
1697 2397 1767 2465 in
1797 2416 1951 2467 rem
1984 2415 2334 2488 procura-

439 2516 555 2570 tor
572 2551 594 2581 ,
610 2497 770 2569 sane
791 2499 1080 2588 dignus,
1102 2501 1225 2588 qui
1245 2520 1398 2588 prae
1418 2502 1700 2571 caeteris
1732 2503 1770 2571 a
1791 2496 2332 2592 Sapientiffimo

438 2605 779 2696 Principe
808 2602 1198 2694 eligeretur
1235 2618 1312 2672 ut
1333 2604 1476 2692 eJus
1507 2606 1956 2694 majestatem
1990 2607 2063 2676 in
2084 2603 2328 2696 seipso

439 2711 863 2786 exhiberet,
894 2726 1204 2797 utroque
1250 2710 1320 2776 δε
1368 2712 1648 2800 generis
1693 2712 1768 2781 ὃς
1810 2711 2166 2783 virtutum
2214 2732 2327 2780 ra-

442 2820 581 2886 diis
615 2814 1155 2896 coruscante‚&
1190 2812 1587 2905 gloriosum
1627 2817 1717 2885 ab
1752 2815 2082 2907 superata
2114 2831 2329 2886 aetate

449 2921 870 3014 trophaeum
906 2919 1200 2993 iuvenili
1236 2920 1755 3001 robore,senili
1784 2942 1955 2992 cura
1991 2920 2335 3012 gestante.

2003 3027 2230 3101 Pana:
