2540 3543
1839 314 1843 318 ·
1915 312 1999 360 ιι

217 380 428 450 bram
447 373 717 466 patriae
739 373 1092 449 Civitatis
1110 373 1474 453 Tefferam
1508 387 1747 459 colore
1766 393 2099 476 vestium,

213 501 389 572 quas
410 477 695 549 textilis
727 481 1472 576 argenti‚viridisque
1506 488 1886 564 holoserici
1923 520 2098 588 gau-

215 583 454 674 sapini
506 584 741 655 taeniae
790 584 1392 662 discriminabant
1426 644 1442 663 .
1514 591 1823 666 Miserat
1853 597 2091 670 Caesa-

212 690 453 759 rianus
482 709 578 759 ex
611 689 738 760 suo
773 688 1141 765 famulatu
1185 696 1603 778 nonnullos,
1625 699 2089 792 totidemque

210 794 504 866 rhaedas
533 846 553 875 ,
588 812 772 888 quot
810 797 1080 870 Comes
1125 799 1399 874 Orator
1438 803 1753 896 eleganti
1799 803 2101 879 formet..

208 900 647 972 construetas
680 921 1072 992 paraverat
1114 905 1209 976 ad
1244 921 1534 980 ternum
1578 930 1965 982 numerum
1999 913 2105 982 ni·-

208 1007 362 1099 gris
390 1005 752 1078 lemniscis
781 1010 872 1081 ab
891 1029 1246 1102 equorum
1271 1015 1554 1087 cervice
1586 1015 2065 1105 pendentibus
2084 1072 2101 1088 .

211 1111 720 1183 Convenerant
748 1115 939 1184 miffi
965 1114 2099 1210 aPurpuratis,Toparchis,Le-

210 1219 438 1311 gatiS,
460 1217 881 1289 Proceribus
913 1219 1131 1292 aulici
1151 1223 1560 1314 complures
1593 1224 1776 1317 bigis
1802 1226 2102 1297 infiden-

210 1339 319 1393 tes
346 1355 365 1403 ;
422 1321 1003 1415 Compofitoque
1052 1326 1126 1396 in
1173 1328 1568 1418 majestatis
1612 1328 1930 1420 speciem
1977 1355 2095 1406 ve-

216 1427 613 1499 nustiffimo
650 1428 1038 1501 Comitatu
1088 1434 1444 1523 praecessit
1476 1437 1570 1507 ad
1606 1434 2102 1513 Vaticanam„

218 1532 478 1604 Sedem
511 1536 753 1625 pridie
794 1535 981 1607 Non.
1004 1535 1361 1636 Quintiles
1395 1541 1586 1632 pone
1613 1539 1902 1632 gestatis
1942 1564 2103 1614 um-

223 1639 411 1712 bella
448 1639 518 1709 &
549 1641 854 1711 culcitra
889 1662 985 1712 ex
1023 1643 1469 1738 bombycina
1513 1647 1944 1720 endromide
1975 1668 2100 1719 au-

220 1766 310 1815 ro
340 1745 802 1816 internitente
834 1769 856 1817 3
909 1744 1124 1829 Ense,
1156 1750 1355 1842 pileo
1383 1802 1405 1831 ,
1431 1752 1901 1846 chyrothecis
1931 1752 2101 1844 Dy-

218 1850 585 1921 nastarum
616 1872 822 1922 more
855 1849 1786 1949 fulgens‚Caesariano,qui
1806 1858 1898 1928 ad
1919 1856 2102 1929 Bea-

217 1955 572 2026 tiffimum
605 1954 933 2028 Tronum
971 1959 1269 2048 pridem
1310 1961 1629 2044 sistebat,
1663 1963 2098 2043 initiante„

217 2060 683 2133 sanciiffimos
718 2062 939 2153 pedes
971 2060 1327 2136 osculatus
1362 2067 1688 2139 diciurus
1714 2084 2101 2146 erat‚cum

218 2166 317 2237 ad
335 2165 775 2238 Perhumani
808 2164 1157 2258 fimulque
1188 2168 1447 2243 Divini
1477 2173 1551 2244 in
1585 2172 1799 2242 terris
1817 2171 2101 2244 Vicarii

219 2286 479 2341 nutum
512 2269 867 2364 affurgens
897 2271 1156 2343 effatus
1183 2275 1282 2346 est
1300 2309 1321 2357 3
1367 2325 1413 2357 ‚,
1448 2273 1812 2348 Subducto
1840 2278 1933 2349 ab
1963 2278 2101 2350 hac

218 2425 267 2458 ,,
322 2375 476 2446 luce
515 2374 902 2448 Cardinale
922 2378 1280 2450 Archinto
1311 2381 1697 2454 defiderari
1729 2381 2096 2455 Mediola-

216 2533 262 2564 „
319 2479 600 2551 nensem
633 2481 1290 2575 Archiepiscopum
1323 2510 1344 2560 3
1398 2485 1552 2558 Esse
1585 2486 1624 2556 ὲ
1662 2508 1737 2559 re
1776 2489 2093 2558 Ambro-

215 2637 264 2674 „
319 2587 528 2657 fianae
569 2584 895 2658 Ecclefiae
931 2638 953 2667 ,
983 2591 1093 2660 uti
1137 2590 1547 2663 succederet
1582 2615 1720 2663 non
1755 2592 2098 2665 abfimilis

218 2743 264 2774 „
318 2691 758 2762 decessori&
804 2695 1159 2767 virtutum
1204 2697 1273 2766 &
1334 2699 1649 2789 patricia
1700 2698 2055 2789 dignitate
2074 2731 2095 2777 ;

217 2847 264 2881 ‚,
316 2796 398 2868 Id
450 2799 489 2866 a
527 2796 886 2867 Vaticano
921 2797 1127 2870 Caelo
1177 2804 1764 2873 venerabundam
1803 2807 2088 2891 precari

219 2953 266 2985 „
320 2902 724 2975 Civitatem
745 2923 1007 2997 ,quam
1041 2907 1681 2978 constantiflimum
1711 2909 1877 3082 ergsir
1905 2911 2103 3083 lixpo-

1057 3007 1119 3078 B
1240 3030 1285 3080 2
1710 3060 1756 3092 „
1873 3033 1914 3083 o
1947 3011 2005 3083 i-
