<?xml version="1.0" encoding="UTF-8"?>
<!DOCTYPE html PUBLIC "-//W3C//DTD XHTML 1.0 Transitional//EN"
    "http://www.w3.org/TR/xhtml1/DTD/xhtml1-transitional.dtd">
<html xmlns="http://www.w3.org/1999/xhtml" xml:lang="en" lang="en">
 <head>
  <title>
</title>
<meta http-equiv="Content-Type" content="text/html;charset=utf-8" />
  <meta name='ocr-system' content='tesseract 3.04.00' />
  <meta name='ocr-capabilities' content='ocr_page ocr_carea ocr_par ocr_line ocrx_word'/>
</head>
<body>
  <div class='ocr_page' id='page_1' title='image "./amoristriumphusi00meda_0030.png"; bbox 0 0 2540 3543; ppageno 0'>
   <div class='ocr_carea' id='block_1_1' title="bbox 385 318 2311 1749">
    <p class='ocr_par' dir='ltr' id='par_1_1' title="bbox 385 318 2304 1648">
     <span class='ocr_line' id='line_1_1' title="bbox 500 318 588 362; baseline -0.023 0"><span class='ocrx_word' id='word_1_1' title='bbox 500 318 588 362; x_wconf 89' lang='lat'>10</span> 
     </span>
     <span class='ocr_line' id='line_1_2' title="bbox 385 389 2281 490; baseline -0.005 -18"><span class='ocrx_word' id='word_1_2' title='bbox 385 397 760 490; x_wconf 88' lang='lat' dir='ltr'>lymitano</span> <span class='ocrx_word' id='word_1_3' title='bbox 799 390 1051 467; x_wconf 87' lang='lat' dir='ltr'>Guido</span> <span class='ocrx_word' id='word_1_4' title='bbox 1088 389 1413 464; x_wconf 87' lang='lat' dir='ltr'>Antonio</span> <span class='ocrx_word' id='word_1_5' title='bbox 1433 390 2281 473; x_wconf 87' lang='lat' dir='ltr'>Arcimboldo,Comite</span> 
     </span>
     <span class='ocr_line' id='line_1_3' title="bbox 391 497 2282 595; baseline -0.002 -21"><span class='ocrx_word' id='word_1_6' title='bbox 391 502 718 595; x_wconf 86' lang='lat' dir='ltr'>Georgio</span> <span class='ocrx_word' id='word_1_7' title='bbox 754 498 1120 573; x_wconf 84' lang='lat' dir='ltr'>Rainoldo</span> <span class='ocrx_word' id='word_1_8' title='bbox 1154 549 1176 578; x_wconf 93' lang='lat'>‚</span> <span class='ocrx_word' id='word_1_9' title='bbox 1221 498 1296 568; x_wconf 86' lang='lat'>&amp;</span> <span class='ocrx_word' id='word_1_10' title='bbox 1329 497 1613 569; x_wconf 87' lang='lat' dir='ltr'>Abbate</span> <span class='ocrx_word' id='word_1_11' title='bbox 1666 498 1926 590; x_wconf 75' lang='lat' dir='ltr'>loseph</span> <span class='ocrx_word' id='word_1_12' title='bbox 1977 497 2282 571; x_wconf 54' lang='lat' dir='ltr'>Maria„</span> 
     </span>
     <span class='ocr_line' id='line_1_4' title="bbox 393 601 2287 683; baseline -0.004 -4"><span class='ocrx_word' id='word_1_13' title='bbox 393 608 772 679; x_wconf 87' lang='lat' dir='ltr'>Marliano</span> <span class='ocrx_word' id='word_1_14' title='bbox 819 604 982 676; x_wconf 89' lang='lat' dir='ltr'>xiii.</span> <span class='ocrx_word' id='word_1_15' title='bbox 1017 603 1187 674; x_wconf 85' lang='lat' dir='ltr'>Kal.</span> <span class='ocrx_word' id='word_1_16' title='bbox 1219 603 1402 678; x_wconf 78' lang='lat' dir='ltr'>lunii</span> <span class='ocrx_word' id='word_1_17' title='bbox 1437 654 1457 683; x_wconf 88' lang='lat'><strong>,</strong></span> <span class='ocrx_word' id='word_1_18' title='bbox 1487 603 1778 674; x_wconf 87' lang='lat' dir='ltr'>decimo</span> <span class='ocrx_word' id='word_1_19' title='bbox 1814 606 1903 673; x_wconf 86' lang='lat' dir='ltr'>ab</span> <span class='ocrx_word' id='word_1_20' title='bbox 1940 601 2152 675; x_wconf 88' lang='lat' dir='ltr'>Urbe</span> <span class='ocrx_word' id='word_1_21' title='bbox 2183 604 2287 673; x_wconf 89' lang='lat' dir='ltr'>la-</span> 
     </span>
     <span class='ocr_line' id='line_1_5' title="bbox 395 707 2288 807; baseline -0.004 -22"><span class='ocrx_word' id='word_1_22' title='bbox 395 713 571 807; x_wconf 84' lang='lat' dir='ltr'>pide</span> <span class='ocrx_word' id='word_1_23' title='bbox 609 711 909 786; x_wconf 85' lang='lat' dir='ltr'>obviam</span> <span class='ocrx_word' id='word_1_24' title='bbox 943 708 1258 780; x_wconf 81' lang='lat' dir='ltr'>Caesarei</span> <span class='ocrx_word' id='word_1_25' title='bbox 1290 707 1551 801; x_wconf 83' lang='lat' dir='ltr'>Legati</span> <span class='ocrx_word' id='word_1_26' title='bbox 1594 708 1911 800; x_wconf 81' lang='lat' dir='ltr'>sejugam</span> <span class='ocrx_word' id='word_1_27' title='bbox 1957 708 2288 778; x_wconf 87' lang='lat' dir='ltr'>conscen-</span> 
     </span>
     <span class='ocr_line' id='line_1_6' title="bbox 398 811 2295 906; baseline -0.003 -16"><span class='ocrx_word' id='word_1_28' title='bbox 398 820 847 906; x_wconf 78' lang='lat' dir='ltr'>den5,atque</span> <span class='ocrx_word' id='word_1_29' title='bbox 881 814 976 884; x_wconf 89' lang='lat' dir='ltr'>ad</span> <span class='ocrx_word' id='word_1_30' title='bbox 1008 815 1174 884; x_wconf 91' lang='lat' dir='ltr'>bina</span> <span class='ocrx_word' id='word_1_31' title='bbox 1198 812 1528 904; x_wconf 77' lang='lat' dir='ltr'><strong>passuum</strong></span> <span class='ocrx_word' id='word_1_32' title='bbox 1563 811 1801 882; x_wconf 89' lang='lat' dir='ltr'>millia</span> <span class='ocrx_word' id='word_1_33' title='bbox 1819 813 2149 902; x_wconf 81' lang='lat' dir='ltr'>pluribus</span> <span class='ocrx_word' id='word_1_34' title='bbox 2167 836 2295 904; x_wconf 77' lang='lat' dir='ltr'>pa-</span> 
     </span>
     <span class='ocr_line' id='line_1_7' title="bbox 403 915 2297 1009; baseline -0.003 -14"><span class='ocrx_word' id='word_1_35' title='bbox 403 924 537 996; x_wconf 89' lang='lat' dir='ltr'>trii</span> <span class='ocrx_word' id='word_1_36' title='bbox 570 923 698 992; x_wconf 87' lang='lat' dir='ltr'>soli</span> <span class='ocrx_word' id='word_1_37' title='bbox 716 917 1136 994; x_wconf 87' lang='lat' dir='ltr'>Nobilibus,</span> <span class='ocrx_word' id='word_1_38' title='bbox 1157 918 1285 1007; x_wconf 89' lang='lat' dir='ltr'>qui</span> <span class='ocrx_word' id='word_1_39' title='bbox 1317 918 1389 985; x_wconf 92' lang='lat' dir='ltr'>in</span> <span class='ocrx_word' id='word_1_40' title='bbox 1406 915 1622 987; x_wconf 88' lang='lat' dir='ltr'>Urbe</span> <span class='ocrx_word' id='word_1_41' title='bbox 1647 918 1987 1009; x_wconf 81' lang='lat' dir='ltr'><strong>degerent</strong></span> <span class='ocrx_word' id='word_1_42' title='bbox 2008 967 2028 996; x_wconf 81' lang='grc'>,</span> <span class='ocrx_word' id='word_1_43' title='bbox 2046 937 2297 989; x_wconf 81' lang='lat' dir='ltr'>occur-</span> 
     </span>
     <span class='ocr_line' id='line_1_8' title="bbox 408 1019 2290 1116; baseline -0.004 -17"><span class='ocrx_word' id='word_1_44' title='bbox 408 1022 972 1102; x_wconf 76' lang='lat' dir='ltr'>rentibus,intra</span> <span class='ocrx_word' id='word_1_45' title='bbox 1004 1023 1270 1091; x_wconf 76' lang='lat' dir='ltr'>maenia</span> <span class='ocrx_word' id='word_1_46' title='bbox 1306 1021 1400 1091; x_wconf 90' lang='lat' dir='ltr'>ad</span> <span class='ocrx_word' id='word_1_47' title='bbox 1430 1019 2035 1092; x_wconf 82' lang='lat' dir='ltr'>Excellentiffimi</span> <span class='ocrx_word' id='word_1_48' title='bbox 2058 1021 2290 1116; x_wconf 89' lang='lat' dir='ltr'>Lega-</span> 
     </span>
     <span class='ocr_line' id='line_1_9' title="bbox 409 1124 2298 1219; baseline -0.002 -17"><span class='ocrx_word' id='word_1_49' title='bbox 409 1133 473 1202; x_wconf 82' lang='lat' dir='ltr'>ti</span> <span class='ocrx_word' id='word_1_50' title='bbox 506 1130 696 1201; x_wconf 86' lang='lat' dir='ltr'>aedes</span> <span class='ocrx_word' id='word_1_51' title='bbox 734 1124 1116 1198; x_wconf 83' lang='lat' dir='ltr'>commiffa</span> <span class='ocrx_word' id='word_1_52' title='bbox 1162 1126 1369 1196; x_wconf 67' lang='lat' dir='ltr'>nocte</span> <span class='ocrx_word' id='word_1_53' title='bbox 1405 1126 1754 1198; x_wconf 71' lang='lat' dir='ltr'>deduC’tus</span> <span class='ocrx_word' id='word_1_54' title='bbox 1803 1128 2132 1219; x_wconf 85' lang='lat' dir='ltr'>publicas</span> <span class='ocrx_word' id='word_1_55' title='bbox 2166 1132 2298 1200; x_wconf 64' lang='lat' dir='ltr'>im,</span> 
     </span>
     <span class='ocr_line' id='line_1_10' title="bbox 409 1231 2302 1329; baseline -0.002 -21"><span class='ocrx_word' id='word_1_56' title='bbox 409 1234 796 1329; x_wconf 85' lang='lat' dir='ltr'>legationis</span> <span class='ocrx_word' id='word_1_57' title='bbox 823 1231 1321 1302; x_wconf 87' lang='lat' dir='ltr'>testimonium</span> <span class='ocrx_word' id='word_1_58' title='bbox 1353 1232 1641 1312; x_wconf 86' lang='lat' dir='ltr'>literas,</span> <span class='ocrx_word' id='word_1_59' title='bbox 1662 1232 1733 1302; x_wconf 87' lang='lat'>&amp;</span> <span class='ocrx_word' id='word_1_60' title='bbox 1760 1254 2009 1325; x_wconf 85' lang='lat' dir='ltr'>preces</span> <span class='ocrx_word' id='word_1_61' title='bbox 2040 1236 2302 1325; x_wconf 83' lang='lat' dir='ltr'>pandi-</span> 
     </span>
     <span class='ocr_line' id='line_1_11' title="bbox 411 1337 2304 1430; baseline -0.001 -17"><span class='ocrx_word' id='word_1_62' title='bbox 411 1342 527 1413; x_wconf 90' lang='lat' dir='ltr'>dit</span> <span class='ocrx_word' id='word_1_63' title='bbox 555 1337 1054 1411; x_wconf 78' lang='lat' dir='ltr'>officiofiffime</span> <span class='ocrx_word' id='word_1_64' title='bbox 1089 1353 1441 1429; x_wconf 86' lang='lat' dir='ltr'>exceptus</span> <span class='ocrx_word' id='word_1_65' title='bbox 1469 1390 1491 1418; x_wconf 90' lang='lat'><strong><em>,</em></strong></span> <span class='ocrx_word' id='word_1_66' title='bbox 1516 1359 1745 1430; x_wconf 84' lang='lat' dir='ltr'>eaque</span> <span class='ocrx_word' id='word_1_67' title='bbox 1778 1340 2009 1409; x_wconf 86' lang='lat' dir='ltr'>animi</span> <span class='ocrx_word' id='word_1_68' title='bbox 2046 1338 2304 1411; x_wconf 87' lang='lat' dir='ltr'>alacri-</span> 
     </span>
     <span class='ocr_line' id='line_1_12' title="bbox 412 1442 2296 1538; baseline -0.002 -19"><span class='ocrx_word' id='word_1_69' title='bbox 412 1461 567 1519; x_wconf 88' lang='lat' dir='ltr'>tate</span> <span class='ocrx_word' id='word_1_70' title='bbox 599 1496 620 1526; x_wconf 92' lang='lat'><strong>,</strong></span> <span class='ocrx_word' id='word_1_71' title='bbox 656 1465 823 1538; x_wconf 86' lang='lat' dir='ltr'>quae</span> <span class='ocrx_word' id='word_1_72' title='bbox 856 1443 1198 1535; x_wconf 81' lang='lat' dir='ltr'>expetito</span> <span class='ocrx_word' id='word_1_73' title='bbox 1247 1457 1693 1537; x_wconf 89' lang='lat' dir='ltr'>promptum</span> <span class='ocrx_word' id='word_1_74' title='bbox 1739 1445 2087 1517; x_wconf 86' lang='lat' dir='ltr'>tutamini</span> <span class='ocrx_word' id='word_1_75' title='bbox 2128 1442 2296 1516; x_wconf 86' lang='lat' dir='ltr'>Ma-</span> 
     </span>
     <span class='ocr_line' id='line_1_13' title="bbox 413 1548 1276 1648; baseline -0.002 -26"><span class='ocrx_word' id='word_1_76' title='bbox 413 1567 714 1648; x_wconf 89' lang='lat' dir='ltr'>gnatem</span> <span class='ocrx_word' id='word_1_77' title='bbox 743 1548 1276 1643; x_wconf 87' lang='lat' dir='ltr'>patefacerent.</span> 
     </span>
    </p>

    <p class='ocr_par' dir='ltr' id='par_1_2' title="bbox 524 1654 2311 1749">
     <span class='ocr_line' id='line_1_14' title="bbox 524 1654 2311 1749; baseline -0.002 -23"><span class='ocrx_word' id='word_1_78' title='bbox 524 1656 700 1727; x_wconf 77' lang='lat' dir='ltr'>Inde</span> <span class='ocrx_word' id='word_1_79' title='bbox 726 1657 822 1727; x_wconf 90' lang='lat' dir='ltr'>ad</span> <span class='ocrx_word' id='word_1_80' title='bbox 854 1669 1157 1747; x_wconf 87' lang='lat' dir='ltr'>paratos</span> <span class='ocrx_word' id='word_1_81' title='bbox 1183 1655 1308 1726; x_wconf 86' lang='lat' dir='ltr'>fibi</span> <span class='ocrx_word' id='word_1_82' title='bbox 1340 1654 1528 1726; x_wconf 88' lang='lat' dir='ltr'>lares</span> <span class='ocrx_word' id='word_1_83' title='bbox 1559 1654 1947 1749; x_wconf 71' lang='lat' dir='ltr'>digressum</span> <span class='ocrx_word' id='word_1_84' title='bbox 1979 1676 2147 1726; x_wconf 87' lang='lat' dir='ltr'>cum</span> <span class='ocrx_word' id='word_1_85' title='bbox 2182 1675 2311 1724; x_wconf 85' lang='lat' dir='ltr'>no·-</span> 
     </span>
    </p>
   </div>
   <div class='ocr_carea' id='block_1_2' title="bbox 423 1759 2433 1852">
    <p class='ocr_par' dir='ltr' id='par_1_3' title="bbox 423 1759 2433 1852">
     <span class='ocr_line' id='line_1_15' title="bbox 423 1759 2433 1852; baseline -0.003 -17"><span class='ocrx_word' id='word_1_86' title='bbox 423 1762 687 1835; x_wconf 90' lang='lat' dir='ltr'>bilibus</span> <span class='ocrx_word' id='word_1_87' title='bbox 733 1761 1205 1832; x_wconf 88' lang='lat' dir='ltr'>contubernio</span> <span class='ocrx_word' id='word_1_88' title='bbox 1253 1760 1546 1832; x_wconf 87' lang='lat' dir='ltr'>adscitis</span> <span class='ocrx_word' id='word_1_89' title='bbox 1591 1759 1825 1832; x_wconf 87' lang='lat' dir='ltr'>aulica</span> <span class='ocrx_word' id='word_1_90' title='bbox 1858 1810 1877 1840; x_wconf 88' lang='lat'>‚</span> <span class='ocrx_word' id='word_1_91' title='bbox 1924 1759 2312 1852; x_wconf 83' lang='lat' dir='ltr'>explendi·</span> <span class='ocrx_word' id='word_1_92' title='bbox 2424 1774 2433 1780; x_wconf 71' lang='grc'><strong><em>’</em></strong></span> 
     </span>
    </p>
   </div>
   <div class='ocr_carea' id='block_1_3' title="bbox 424 1866 2325 3012">
    <p class='ocr_par' dir='ltr' id='par_1_4' title="bbox 424 1866 2325 3012">
     <span class='ocr_line' id='line_1_16' title="bbox 424 1866 2311 1963; baseline -0.004 -22"><span class='ocrx_word' id='word_1_93' title='bbox 424 1891 564 1963; x_wconf 90' lang='lat' dir='ltr'>que</span> <span class='ocrx_word' id='word_1_94' title='bbox 596 1867 916 1939; x_wconf 88' lang='lat' dir='ltr'>muneris</span> <span class='ocrx_word' id='word_1_95' title='bbox 944 1866 1176 1938; x_wconf 85' lang='lat' dir='ltr'>officia</span> <span class='ocrx_word' id='word_1_96' title='bbox 1207 1868 1302 1937; x_wconf 87' lang='lat' dir='ltr'>ad</span> <span class='ocrx_word' id='word_1_97' title='bbox 1336 1869 1488 1937; x_wconf 89' lang='lat' dir='ltr'>dies</span> <span class='ocrx_word' id='word_1_98' title='bbox 1520 1866 1804 1956; x_wconf 87' lang='lat' dir='ltr'>aliquot</span> <span class='ocrx_word' id='word_1_99' title='bbox 1821 1866 2311 1937; x_wconf 89' lang='lat' dir='ltr'>detinuerunt.</span> 
     </span>
     <span class='ocr_line' id='line_1_17' title="bbox 426 1969 2312 2067; baseline -0.003 -21"><span class='ocrx_word' id='word_1_100' title='bbox 426 1976 570 2046; x_wconf 88' lang='lat' dir='ltr'>Die</span> <span class='ocrx_word' id='word_1_101' title='bbox 617 1973 968 2067; x_wconf 87' lang='lat' dir='ltr'>legationi</span> <span class='ocrx_word' id='word_1_102' title='bbox 1025 1972 1295 2044; x_wconf 56' lang='lat' dir='ltr'>indicta</span> <span class='ocrx_word' id='word_1_103' title='bbox 1343 1973 1720 2066; x_wconf 88' lang='lat' dir='ltr'>Inclyturn</span> <span class='ocrx_word' id='word_1_104' title='bbox 1752 1969 2312 2043; x_wconf 86' lang='lat' dir='ltr'>Mediolanenfis</span> 
     </span>
     <span class='ocr_line' id='line_1_18' title="bbox 429 2075 2309 2170; baseline -0.002 -21"><span class='ocrx_word' id='word_1_105' title='bbox 429 2078 884 2170; x_wconf 86' lang='lat' dir='ltr'>Metropolis</span> <span class='ocrx_word' id='word_1_106' title='bbox 926 2078 1217 2149; x_wconf 89' lang='lat' dir='ltr'>Nomen</span> <span class='ocrx_word' id='word_1_107' title='bbox 1269 2077 1660 2149; x_wconf 86' lang='lat' dir='ltr'>ostentavit</span> <span class='ocrx_word' id='word_1_108' title='bbox 1714 2076 2014 2147; x_wconf 86' lang='lat' dir='ltr'>stemma</span> <span class='ocrx_word' id='word_1_109' title='bbox 2073 2075 2309 2147; x_wconf 90' lang='lat' dir='ltr'>cocci-</span> 
     </span>
     <span class='ocr_line' id='line_1_19' title="bbox 432 2181 2313 2275; baseline -0.002 -21"><span class='ocrx_word' id='word_1_110' title='bbox 432 2204 645 2254; x_wconf 87' lang='lat' dir='ltr'>neam</span> <span class='ocrx_word' id='word_1_111' title='bbox 681 2183 992 2256; x_wconf 85' lang='lat' dir='ltr'>referens</span> <span class='ocrx_word' id='word_1_112' title='bbox 1038 2187 1110 2254; x_wconf 88' lang='lat' dir='ltr'>in</span> <span class='ocrx_word' id='word_1_113' title='bbox 1145 2184 1314 2255; x_wconf 86' lang='lat' dir='ltr'>albo</span> <span class='ocrx_word' id='word_1_114' title='bbox 1347 2183 1665 2254; x_wconf 88' lang='lat' dir='ltr'>Crucem</span> <span class='ocrx_word' id='word_1_115' title='bbox 1714 2181 2313 2275; x_wconf 88' lang='lat' dir='ltr'>supereminenti-</span> 
     </span>
     <span class='ocr_line' id='line_1_20' title="bbox 431 2285 2311 2380; baseline -0.002 -20"><span class='ocrx_word' id='word_1_116' title='bbox 431 2291 560 2360; x_wconf 89' lang='lat' dir='ltr'>bus</span> <span class='ocrx_word' id='word_1_117' title='bbox 590 2287 991 2359; x_wconf 86' lang='lat' dir='ltr'>Pontificiis</span> <span class='ocrx_word' id='word_1_118' title='bbox 1021 2305 1243 2380; x_wconf 86' lang='lat' dir='ltr'>atque</span> <span class='ocrx_word' id='word_1_119' title='bbox 1266 2287 1799 2380; x_wconf 82' lang='lat' dir='ltr'>Augustiffimae</span> <span class='ocrx_word' id='word_1_120' title='bbox 1833 2288 2119 2358; x_wconf 88' lang='lat' dir='ltr'>Domus</span> <span class='ocrx_word' id='word_1_121' title='bbox 2153 2285 2311 2357; x_wconf 86' lang='lat' dir='ltr'>infi-</span> 
     </span>
     <span class='ocr_line' id='line_1_21' title="bbox 438 2390 2314 2487; baseline -0.001 -23"><span class='ocrx_word' id='word_1_122' title='bbox 438 2394 697 2487; x_wconf 88' lang='lat' dir='ltr'>gnibus</span> <span class='ocrx_word' id='word_1_123' title='bbox 748 2390 963 2483; x_wconf 73' lang='lat' dir='ltr'>supra</span> <span class='ocrx_word' id='word_1_124' title='bbox 1019 2392 1211 2464; x_wconf 84' lang='lat' dir='ltr'>fores</span> <span class='ocrx_word' id='word_1_125' title='bbox 1241 2392 1510 2463; x_wconf 87' lang='lat' dir='ltr'>Palatii</span> <span class='ocrx_word' id='word_1_126' title='bbox 1549 2444 1569 2473; x_wconf 88' lang='lat'>‚</span> <span class='ocrx_word' id='word_1_127' title='bbox 1617 2393 1816 2483; x_wconf 91' lang='lat' dir='ltr'>quod</span> <span class='ocrx_word' id='word_1_128' title='bbox 1860 2391 2314 2486; x_wconf 85' lang='lat' dir='ltr'>temporario</span> 
     </span>
     <span class='ocr_line' id='line_1_22' title="bbox 439 2496 2317 2571; baseline -0.002 0"><span class='ocrx_word' id='word_1_129' title='bbox 439 2498 759 2571; x_wconf 84' lang='lat' dir='ltr'>incolatu</span> <span class='ocrx_word' id='word_1_130' title='bbox 779 2496 1046 2567; x_wconf 87' lang='lat' dir='ltr'>Comes</span> <span class='ocrx_word' id='word_1_131' title='bbox 1066 2498 1336 2569; x_wconf 87' lang='lat' dir='ltr'>Orator</span> <span class='ocrx_word' id='word_1_132' title='bbox 1372 2499 1797 2570; x_wconf 86' lang='lat' dir='ltr'>decorabat.</span> <span class='ocrx_word' id='word_1_133' title='bbox 1854 2497 2120 2570; x_wconf 82' lang='lat' dir='ltr'>Praesto</span> <span class='ocrx_word' id='word_1_134' title='bbox 2149 2498 2317 2568; x_wconf 88' lang='lat' dir='ltr'>ade-</span> 
     </span>
     <span class='ocr_line' id='line_1_23' title="bbox 441 2602 2319 2694; baseline -0.003 -18"><span class='ocrx_word' id='word_1_135' title='bbox 441 2620 608 2676; x_wconf 86' lang='lat' dir='ltr'>rant</span> <span class='ocrx_word' id='word_1_136' title='bbox 635 2602 1275 2688; x_wconf 85' lang='lat' dir='ltr'>nobilesConcives</span> <span class='ocrx_word' id='word_1_137' title='bbox 1311 2619 1679 2694; x_wconf 88' lang='lat' dir='ltr'>quotquot</span> <span class='ocrx_word' id='word_1_138' title='bbox 1711 2605 2032 2675; x_wconf 84' lang='lat' dir='ltr'>maximi</span> <span class='ocrx_word' id='word_1_139' title='bbox 2069 2622 2319 2673; x_wconf 88' lang='lat' dir='ltr'>nume-</span> 
     </span>
     <span class='ocr_line' id='line_1_24' title="bbox 440 2706 2320 2800; baseline -0.004 -19"><span class='ocrx_word' id='word_1_140' title='bbox 440 2711 507 2781; x_wconf 88' lang='lat' dir='ltr'>ri</span> <span class='ocrx_word' id='word_1_141' title='bbox 541 2709 614 2780; x_wconf 66' lang='grc' dir='ltr'>ὃς</span> <span class='ocrx_word' id='word_1_142' title='bbox 646 2710 1005 2779; x_wconf 86' lang='lat' dir='ltr'>momenti</span> <span class='ocrx_word' id='word_1_143' title='bbox 1041 2706 1503 2778; x_wconf 71' lang='lat' dir='ltr'>pontificium</span> <span class='ocrx_word' id='word_1_144' title='bbox 1539 2710 1737 2800; x_wconf 86' lang='lat' dir='ltr'>apud</span> <span class='ocrx_word' id='word_1_145' title='bbox 1783 2708 2040 2781; x_wconf 86' lang='lat' dir='ltr'>solium</span> <span class='ocrx_word' id='word_1_146' title='bbox 2073 2708 2320 2776; x_wconf 90' lang='lat' dir='ltr'>deme-</span> 
     </span>
     <span class='ocr_line' id='line_1_25' title="bbox 443 2810 2324 2905; baseline -0.002 -20"><span class='ocrx_word' id='word_1_147' title='bbox 443 2816 694 2885; x_wconf 86' lang='lat' dir='ltr'>rebant</span> <span class='ocrx_word' id='word_1_148' title='bbox 730 2868 745 2884; x_wconf 90' lang='lat'><strong>.</strong></span> <span class='ocrx_word' id='word_1_149' title='bbox 800 2810 1198 2905; x_wconf 89' lang='lat' dir='ltr'>Splendido</span> <span class='ocrx_word' id='word_1_150' title='bbox 1248 2813 1426 2882; x_wconf 80' lang='lat' dir='ltr'>luxu</span> <span class='ocrx_word' id='word_1_151' title='bbox 1474 2815 1845 2884; x_wconf 88' lang='lat' dir='ltr'>renidebat</span> <span class='ocrx_word' id='word_1_152' title='bbox 1893 2816 1984 2884; x_wconf 87' lang='lat' dir='ltr'>ab</span> <span class='ocrx_word' id='word_1_153' title='bbox 2014 2813 2324 2882; x_wconf 85' lang='lat' dir='ltr'>Oratore</span> 
     </span>
     <span class='ocr_line' id='line_1_26' title="bbox 437 2916 2325 3012; baseline -0.002 -22"><span class='ocrx_word' id='word_1_154' title='bbox 437 2918 861 2991; x_wconf 71' lang='lat' dir='ltr'>instruCtum</span> <span class='ocrx_word' id='word_1_155' title='bbox 911 2916 1359 2991; x_wconf 82' lang='lat' dir='ltr'>famulorum</span> <span class='ocrx_word' id='word_1_156' title='bbox 1408 2939 1670 3012; x_wconf 85' lang='lat' dir='ltr'>agmen</span> <span class='ocrx_word' id='word_1_157' title='bbox 1704 2973 1726 3004; x_wconf 88' lang='lat'>,</span> <span class='ocrx_word' id='word_1_158' title='bbox 1772 2919 2157 2996; x_wconf 57' lang='lat' dir='ltr'>aemulante</span> <span class='ocrx_word' id='word_1_159' title='bbox 2210 2938 2325 2988; x_wconf 85' lang='lat' dir='ltr'>ru-</span> 
     </span>
    </p>
   </div>
   <div class='ocr_carea' id='block_1_4' title="bbox 2006 3025 2216 3094">
    <p class='ocr_par' dir='ltr' id='par_1_5' title="bbox 2006 3025 2216 3094">
     <span class='ocr_line' id='line_1_27' title="bbox 2006 3025 2216 3094; baseline 0 -1"><span class='ocrx_word' id='word_1_160' title='bbox 2006 3025 2216 3094; x_wconf 83' lang='lat' dir='ltr'>bram</span> 
     </span>
    </p>
   </div>
  </div>
 </body>
</html>
