2540 3543
499 319 600 382 70

390 399 662 476 'nobitis
693 400 768 473 in
799 400 1012 475 binos
1041 393 1535 493 praeeuntibus
1572 393 1994 488 divinaeque
2030 388 2282 473 lauda-2

392 508 618 581 tionis
642 530 937 581 carmen
979 505 1399 578 canentibus
1416 555 1438 585 ,
1463 501 1762 575 Nobiles
1783 491 2289 577 confalonerii

396 614 440 686 ὲ
473 615 777 688 Rituum
809 612 1167 707 Magistro
1201 609 1973 691 accerfiti,dexterufi‘i
2003 610 2289 681 Abbate

395 720 787 794 Vincentio
812 719 1169 811 Philippo
1200 768 1221 797 ,
1251 718 1523 789 laevurn
1561 717 1892 807 cingente
1939 714 2129 787 latus
2168 715 2284 791 Ju-

396 826 503 900 ris
497 826 736 920 perito
761 823 1317 899 Mediolanenfis
1346 819 1663 910 Collegii
1677 812 2058 900 Conrado,
2078 841 2285 892 utro-

404 954 544 1025 que
578 930 977 1020 Purpurati
1015 925 1533 1004 vestes‚ulnam
1568 915 1883 1022 alteram
1912 924 2283 998 urbanum

399 1039 477 1108 in
508 1035 817 1105 modum
846 1031 1142 1102 Comite
1176 1026 1517 1101 Federico
1548 1027 1924 1099 sustinente
1956 1079 1977 1108 ,
2004 1030 2284 1103 Derto-

401 1141 587 1213 nenfi
637 1138 707 1209 ὅ(
756 1131 1259 1231 Viglevanenfi
1304 1127 1686 1228 Episcopis
1731 1135 1941 1205 Resta
1982 1135 2055 1204 δε
2100 1135 2281 1207 Cat-

399 1262 615 1317 taneo
672 1243 1193 1315 comitantibus
1225 1298 1241 1314 .
1314 1245 1485 1313 Hoc
1527 1242 1789 1311 itidem
1833 1240 2112 1313 servato
2162 1242 2285 1313 de·

400 1350 762 1424 ductionis
792 1349 1026 1420 officio
1048 1346 1460 1420 Cardinalis
1494 1348 1672 1419 stato
1706 1363 2038 1438 ternpore
2073 1347 2146 1417 in
2165 1344 2288 1420 Sa-

401 1458 734 1528 crarium‘
752 1472 1176 1550 pervenerat
1194 1500 1215 1535 ,-
1233 1455 1479 1547 ibique
1500 1452 2008 1524 Dominicanis
2035 1454 2287 1524 coram

407 1563 1046 1635 Caeremoniarum
1067 1560 1404 1632 Antistite
1440 1558 2007 1630 ministrantibus
2033 1557 2282 1630 Ponti-

408 1668 602 1743 ficali
662 1690 870 1740 more
931 1670 1225 1739 indutus
1284 1669 1358 1737 in
1416 1665 1819 1757 Templum
1882 1664 2288 1757 progreffus

406 1773 646 1847 fuerat
677 1769 934 1846 iisdem
976 1772 1510 1845 Confaloneriis
1529 1771 1832 1841 Trabeae
1865 1768 2014 1839 alas
2038 1788 2284 1841 tenen-

411 1883 607 1953 tibus
656 1933 673 1953 .
761 1882 1091 1951 Adorato
1150 1880 1253 1950 ibi
1303 1877 1672 1959 Numine,
1719 1876 2119 1966 eodemque
2166 1877 2289 1946 de-

410 1989 667 2061 duftus
689 1988 1072 2058 Comitatu
1092 2006 1175 2055 ac
1210 1987 1353 2055 ritu
1373 1983 1774 2074 Templum
1805 1981 2110 2075 egressus
2142 1981 2293 2050 fue-

413 2108 568 2175 rat,
597 2112 765 2163 cum
799 2093 1206 2184 prodeundi
1254 2090 1683 2161 immineret
1730 2106 2058 2177 tempus,
2094 2089 2294 2176 cujus

415 2200 738 2291 angustia
786 2220 953 2270 cum
999 2197 1515 2289 jurisperitum
1551 2196 1976 2265 Conradum
2015 2244 2035 2272 ,
2089 2194 2292 2264 ficuti

418 2319 862 2399 paraverat,
892 2305 1236 2374 concinna
1275 2301 1625 2372 Oratione
1663 2298 2045 2370 Cardinali
2086 2297 2292 2389 plau-

416 2412 586 2480 dere
619 2430 753 2478 non
790 2424 1200 2496 pateretur,
1235 2407 1419 2475 hanc
1455 2405 1683 2476 literis
1711 2406 2141 2477 mandatam
2171 2424 2289 2473 ac-

417 2516 668 2606 cipere
738 2512 1284 2582 humaniffimus
1338 2509 1676 2603 Princeps
1746 2512 2083 2603 dignatus
2156 2511 2287 2579 est.

421 2619 727 2710 Templi
777 2639 1023 2689 aream
1071 2615 1649 2708 praetergreffum
1675 2615 1978 2687 Nobiles
2018 2613 2291 2685 Consa-

420 2726 679 2800 lonerii
710 2776 729 2804 ,
768 2744 987 2815 quem
1035 2723 1299 2813 jugiter
1332 2721 1549 2792 lateri
1584 2723 1941 2793 adstantes
1980 2720 2289 2812 stipave-

418 2848 582 2905 rant
616 2882 635 2910 ,
664 2829 1008 2923 gradatio
1060 2826 1326 2897 albenti
1375 2847 1564 2918 equo
1595 2828 1825 2898 alacri
1868 2824 2017 2897 nisu
2047 2828 2289 2915 impo-

419 2938 705 3009 suerunt
740 2986 761 3016 ‚
802 2952 1022 3025 atque
1072 2934 1111 3003 e
1163 2932 1462 3027 vestigio
1518 2932 1938 3027 sonipedem
1985 2929 2286 3019 quisque

415 3042 622 3115 suum
647 3039 1087 3115 conscendit.
1992 3033 2180 3103 Gra-
