<?xml version="1.0" encoding="UTF-8"?>
<!DOCTYPE html PUBLIC "-//W3C//DTD XHTML 1.0 Transitional//EN"
    "http://www.w3.org/TR/xhtml1/DTD/xhtml1-transitional.dtd">
<html xmlns="http://www.w3.org/1999/xhtml" xml:lang="en" lang="en">
 <head>
  <title>
</title>
<meta http-equiv="Content-Type" content="text/html;charset=utf-8" />
  <meta name='ocr-system' content='tesseract 3.04.00' />
  <meta name='ocr-capabilities' content='ocr_page ocr_carea ocr_par ocr_line ocrx_word'/>
</head>
<body>
  <div class='ocr_page' id='page_1' title='image "./amoristriumphusi00meda_0032.png"; bbox 0 0 2540 3543; ppageno 0'>
   <div class='ocr_carea' id='block_1_1' title="bbox 402 322 2311 2901">
    <p class='ocr_par' dir='ltr' id='par_1_1' title="bbox 407 322 2311 1223">
     <span class='ocr_line' id='line_1_1' title="bbox 525 322 616 373; baseline 0 0"><span class='ocrx_word' id='word_1_1' title='bbox 525 322 551 373; x_wconf 81' lang='lat'>1</span> <span class='ocrx_word' id='word_1_2' title='bbox 576 325 616 373; x_wconf 84' lang='lat'>2</span> 
     </span>
     <span class='ocr_line' id='line_1_2' title="bbox 407 403 2305 499; baseline 0.002 -23"><span class='ocrx_word' id='word_1_3' title='bbox 407 456 457 488; x_wconf 84' lang='lat'><strong>„</strong></span> <span class='ocrx_word' id='word_1_4' title='bbox 510 405 842 479; x_wconf 85' lang='lat' dir='ltr'><strong>stolicam</strong></span> <span class='ocrx_word' id='word_1_5' title='bbox 889 405 961 478; x_wconf 85' lang='lat'>&amp;</span> <span class='ocrx_word' id='word_1_6' title='bbox 997 407 1553 481; x_wconf 74' lang='lat' dir='ltr'><strong>Ambrofianam</strong></span> <span class='ocrx_word' id='word_1_7' title='bbox 1585 403 1840 480; x_wconf 87' lang='lat' dir='ltr'><strong>Sedem</strong></span> <span class='ocrx_word' id='word_1_8' title='bbox 1878 407 2305 499; x_wconf 83' lang='lat' dir='ltr'>obsequium</span> 
     </span>
     <span class='ocr_line' id='line_1_3' title="bbox 411 511 2292 605; baseline 0.001 -23"><span class='ocrx_word' id='word_1_9' title='bbox 411 562 455 593; x_wconf 92' lang='lat'>„</span> <span class='ocrx_word' id='word_1_10' title='bbox 512 511 730 583; x_wconf 75' lang='lat' dir='ltr'><strong>facile</strong></span> <span class='ocrx_word' id='word_1_11' title='bbox 778 514 1335 585; x_wconf 81' lang='lat' dir='ltr'><strong>commendaret</strong></span> <span class='ocrx_word' id='word_1_12' title='bbox 1369 572 1384 587; x_wconf 92' lang='lat'><strong>.</strong></span> <span class='ocrx_word' id='word_1_13' title='bbox 1439 513 1881 605; x_wconf 82' lang='lat' dir='ltr'><strong>Responsum</strong></span> <span class='ocrx_word' id='word_1_14' title='bbox 1933 516 1971 583; x_wconf 70' lang='lat' dir='ltr'><strong>a</strong></span> <span class='ocrx_word' id='word_1_15' title='bbox 2013 516 2292 585; x_wconf 86' lang='lat' dir='ltr'><strong>Divino</strong></span> 
     </span>
     <span class='ocr_line' id='line_1_4' title="bbox 413 617 2296 712; baseline 0.001 -25"><span class='ocrx_word' id='word_1_16' title='bbox 413 667 458 698; x_wconf 93' lang='lat'>„</span> <span class='ocrx_word' id='word_1_17' title='bbox 513 617 882 699; x_wconf 86' lang='lat' dir='ltr'><strong>Oraculo;</strong></span> <span class='ocrx_word' id='word_1_18' title='bbox 938 618 1471 707; x_wconf 79' lang='lat' dir='ltr'><strong>perjucundum</strong></span> <span class='ocrx_word' id='word_1_19' title='bbox 1517 621 1643 690; x_wconf 87' lang='lat' dir='ltr'><strong>fibi</strong></span> <span class='ocrx_word' id='word_1_20' title='bbox 1695 619 1825 691; x_wconf 87' lang='lat' dir='ltr'><strong>esse</strong></span> <span class='ocrx_word' id='word_1_21' title='bbox 1863 622 2062 712; x_wconf 84' lang='lat' dir='ltr'><strong>quod</strong></span> <span class='ocrx_word' id='word_1_22' title='bbox 2095 635 2296 710; x_wconf 89' lang='lat' dir='ltr'><strong>pete-</strong></span> 
     </span>
     <span class='ocr_line' id='line_1_5' title="bbox 410 722 2300 805; baseline 0.001 -13"><span class='ocrx_word' id='word_1_23' title='bbox 410 771 455 802; x_wconf 96' lang='lat'>„</span> <span class='ocrx_word' id='word_1_24' title='bbox 511 739 710 793; x_wconf 87' lang='lat' dir='ltr'><strong>retur</strong></span> <span class='ocrx_word' id='word_1_25' title='bbox 727 758 746 804; x_wconf 83' lang='lat'>3</span> <span class='ocrx_word' id='word_1_26' title='bbox 808 726 973 794; x_wconf 89' lang='lat' dir='ltr'><strong>Non</strong></span> <span class='ocrx_word' id='word_1_27' title='bbox 1006 723 1230 794; x_wconf 86' lang='lat' dir='ltr'><strong>latere</strong></span> <span class='ocrx_word' id='word_1_28' title='bbox 1265 722 2111 805; x_wconf 82' lang='lat' dir='ltr'><strong>tantaeEcclefiae,tantae</strong></span> <span class='ocrx_word' id='word_1_29' title='bbox 2134 723 2300 794; x_wconf 89' lang='lat' dir='ltr'><strong>Me·</strong></span> 
     </span>
     <span class='ocr_line' id='line_1_6' title="bbox 413 827 2302 919; baseline 0 -20"><span class='ocrx_word' id='word_1_30' title='bbox 413 876 459 907; x_wconf 90' lang='lat'><strong>,‚</strong></span> <span class='ocrx_word' id='word_1_31' title='bbox 513 827 825 919; x_wconf 87' lang='lat' dir='ltr'><strong>tropolis</strong></span> <span class='ocrx_word' id='word_1_32' title='bbox 866 829 1332 900; x_wconf 88' lang='lat' dir='ltr'><strong>devotionem</strong></span> <span class='ocrx_word' id='word_1_33' title='bbox 1365 879 1386 907; x_wconf 93' lang='lat'><strong>,</strong></span> <span class='ocrx_word' id='word_1_34' title='bbox 1421 830 1781 918; x_wconf 88' lang='lat' dir='ltr'><strong>pietatem</strong></span> <span class='ocrx_word' id='word_1_35' title='bbox 1811 881 1832 908; x_wconf 94' lang='lat'><strong>,</strong></span> <span class='ocrx_word' id='word_1_36' title='bbox 1865 829 2302 918; x_wconf 87' lang='lat' dir='ltr'><strong>amplitudi-</strong></span> 
     </span>
     <span class='ocr_line' id='line_1_7' title="bbox 415 929 2299 1024; baseline 0.001 -22"><span class='ocrx_word' id='word_1_37' title='bbox 415 982 461 1013; x_wconf 93' lang='lat'><strong>„</strong></span> <span class='ocrx_word' id='word_1_38' title='bbox 514 954 715 1003; x_wconf 86' lang='lat' dir='ltr'><strong>nem.</strong></span> <span class='ocrx_word' id='word_1_39' title='bbox 773 931 857 1001; x_wconf 88' lang='lat' dir='ltr'><strong>Se</strong></span> <span class='ocrx_word' id='word_1_40' title='bbox 892 932 1092 1021; x_wconf 90' lang='lat' dir='ltr'><strong>apud</strong></span> <span class='ocrx_word' id='word_1_41' title='bbox 1129 929 1377 1000; x_wconf 82' lang='lat' dir='ltr'><strong>Deum</strong></span> <span class='ocrx_word' id='word_1_42' title='bbox 1413 931 1590 1023; x_wconf 89' lang='lat' dir='ltr'><strong>Opt.</strong></span> <span class='ocrx_word' id='word_1_43' title='bbox 1627 930 1840 1002; x_wconf 85' lang='lat' dir='ltr'><strong>Max.</strong></span> <span class='ocrx_word' id='word_1_44' title='bbox 1876 954 2124 1024; x_wconf 86' lang='lat' dir='ltr'><strong>preces</strong></span> <span class='ocrx_word' id='word_1_45' title='bbox 2160 954 2299 1003; x_wconf 92' lang='lat' dir='ltr'><strong>non</strong></span> 
     </span>
     <span class='ocr_line' id='line_1_8' title="bbox 415 1033 2311 1128; baseline 0.002 -23"><span class='ocrx_word' id='word_1_46' title='bbox 415 1087 460 1116; x_wconf 95' lang='lat'><strong>„</strong></span> <span class='ocrx_word' id='word_1_47' title='bbox 515 1033 1126 1113; x_wconf 75' lang='lat' dir='ltr'><strong>intermissurum,</strong></span> <span class='ocrx_word' id='word_1_48' title='bbox 1150 1051 1225 1105; x_wconf 87' lang='lat' dir='ltr'><strong>ut</strong></span> <span class='ocrx_word' id='word_1_49' title='bbox 1258 1038 1463 1106; x_wconf 90' lang='lat' dir='ltr'><strong>cordi</strong></span> <span class='ocrx_word' id='word_1_50' title='bbox 1499 1037 1896 1117; x_wconf 85' lang='lat' dir='ltr'><strong>indicaret,</strong></span> <span class='ocrx_word' id='word_1_51' title='bbox 1934 1058 2155 1128; x_wconf 85' lang='lat' dir='ltr'><strong>quem</strong></span> <span class='ocrx_word' id='word_1_52' title='bbox 2185 1038 2311 1108; x_wconf 90' lang='lat' dir='ltr'><strong>be-</strong></span> 
     </span>
     <span class='ocr_line' id='line_1_9' title="bbox 412 1139 2302 1223; baseline 0.001 -13"><span class='ocrx_word' id='word_1_53' title='bbox 412 1192 461 1223; x_wconf 89' lang='lat'>„</span> <span class='ocrx_word' id='word_1_54' title='bbox 515 1142 893 1211; x_wconf 78' lang='lat' dir='ltr'><strong>nemeritae</strong></span> <span class='ocrx_word' id='word_1_55' title='bbox 933 1139 1248 1213; x_wconf 73' lang='lat' dir='ltr'>Civitati</span> <span class='ocrx_word' id='word_1_56' title='bbox 1285 1144 1742 1223; x_wconf 82' lang='lat' dir='ltr'><strong>decerneret,</strong></span> <span class='ocrx_word' id='word_1_57' title='bbox 1758 1144 2010 1216; x_wconf 87' lang='lat' dir='ltr'><strong>vivum</strong></span> <span class='ocrx_word' id='word_1_58' title='bbox 2046 1163 2302 1213; x_wconf 87' lang='lat' dir='ltr'><strong>exem·</strong></span> 
     </span>
    </p>

    <p class='ocr_par' dir='ltr' id='par_1_2' title="bbox 405 1244 2306 2175">
     <span class='ocr_line' id='line_1_10' title="bbox 438 1244 2304 1336; baseline 0.001 -21.043"><span class='ocrx_word' id='word_1_59' title='bbox 438 1245 725 1336; x_wconf 88' lang='lat' dir='ltr'><strong>,plum</strong></span> <span class='ocrx_word' id='word_1_60' title='bbox 758 1245 939 1317; x_wconf 91' lang='lat' dir='ltr'><strong>Divi</strong></span> <span class='ocrx_word' id='word_1_61' title='bbox 979 1245 1238 1316; x_wconf 83' lang='lat' dir='ltr'><strong>Caroli</strong></span> <span class='ocrx_word' id='word_1_62' title='bbox 1260 1244 1766 1320; x_wconf 83' lang='lat' dir='ltr'><strong>Gloriofiffimi</strong></span> <span class='ocrx_word' id='word_1_63' title='bbox 1797 1247 2304 1320; x_wconf 81' lang='lat' dir='ltr'><strong>Antecessoris.</strong></span> 
     </span>
     <span class='ocr_line' id='line_1_11' title="bbox 411 1349 2306 1425; baseline 0.002 -5"><span class='ocrx_word' id='word_1_64' title='bbox 411 1349 664 1421; x_wconf 84' lang='lat' dir='ltr'>Hilari</span> <span class='ocrx_word' id='word_1_65' title='bbox 714 1352 966 1423; x_wconf 87' lang='lat' dir='ltr'><strong>animo</strong></span> <span class='ocrx_word' id='word_1_66' title='bbox 1017 1350 1390 1422; x_wconf 87' lang='lat' dir='ltr'><strong>dimissum</strong></span> <span class='ocrx_word' id='word_1_67' title='bbox 1438 1351 1818 1425; x_wconf 89' lang='lat' dir='ltr'><strong>Comitem</strong></span> <span class='ocrx_word' id='word_1_68' title='bbox 1864 1352 2009 1423; x_wconf 86' lang='lat' dir='ltr'><strong>alia</strong></span> <span class='ocrx_word' id='word_1_69' title='bbox 2061 1374 2306 1424; x_wconf 86' lang='lat' dir='ltr'><strong>mane-</strong></span> 
     </span>
     <span class='ocr_line' id='line_1_12' title="bbox 409 1455 2294 1550; baseline 0.003 -26"><span class='ocrx_word' id='word_1_70' title='bbox 409 1456 584 1526; x_wconf 82' lang='lat' dir='ltr'><strong>bant</strong></span> <span class='ocrx_word' id='word_1_71' title='bbox 630 1456 863 1528; x_wconf 83' lang='lat' dir='ltr'><strong>officia</strong></span> <span class='ocrx_word' id='word_1_72' title='bbox 909 1478 1079 1550; x_wconf 84' lang='lat' dir='ltr'><strong>erga</strong></span> <span class='ocrx_word' id='word_1_73' title='bbox 1121 1456 1420 1528; x_wconf 89' lang='lat' dir='ltr'><strong>Sacrum</strong></span> <span class='ocrx_word' id='word_1_74' title='bbox 1453 1455 2037 1549; x_wconf 87' lang='lat' dir='ltr'><strong>Purpuratorum</strong></span> <span class='ocrx_word' id='word_1_75' title='bbox 2081 1456 2294 1529; x_wconf 88' lang='lat' dir='ltr'><strong>Sena-</strong></span> 
     </span>
     <span class='ocr_line' id='line_1_13' title="bbox 411 1560 2296 1657; baseline 0.002 -27"><span class='ocrx_word' id='word_1_76' title='bbox 411 1575 610 1641; x_wconf 88' lang='lat' dir='ltr'><strong>tum,</strong></span> <span class='ocrx_word' id='word_1_77' title='bbox 629 1560 1041 1633; x_wconf 83' lang='lat' dir='ltr'><strong>Caesareum</strong></span> <span class='ocrx_word' id='word_1_78' title='bbox 1074 1560 1430 1657; x_wconf 84' lang='lat' dir='ltr'><strong>Legatum</strong></span> <span class='ocrx_word' id='word_1_79' title='bbox 1451 1561 1878 1656; x_wconf 84' lang='lat' dir='ltr'><strong>,Magnates</strong></span> <span class='ocrx_word' id='word_1_80' title='bbox 1898 1563 2296 1644; x_wconf 80' lang='lat' dir='ltr'><strong>,Praesule5,</strong></span> 
     </span>
     <span class='ocr_line' id='line_1_14' title="bbox 411 1662 2297 1761; baseline 0.003 -27"><span class='ocrx_word' id='word_1_81' title='bbox 411 1662 753 1738; x_wconf 90' lang='lat' dir='ltr'><strong>Proceres</strong></span> <span class='ocrx_word' id='word_1_82' title='bbox 783 1719 803 1747; x_wconf 89' lang='lat'><strong>,</strong></span> <span class='ocrx_word' id='word_1_83' title='bbox 839 1669 1102 1761; x_wconf 87' lang='lat' dir='ltr'><strong>quibus</strong></span> <span class='ocrx_word' id='word_1_84' title='bbox 1136 1667 1523 1740; x_wconf 86' lang='lat' dir='ltr'><strong>invisendis</strong></span> <span class='ocrx_word' id='word_1_85' title='bbox 1559 1721 1580 1749; x_wconf 95' lang='lat'><strong>,</strong></span> <span class='ocrx_word' id='word_1_86' title='bbox 1615 1669 2063 1760; x_wconf 83' lang='lat' dir='ltr'><strong>viciffirnque</strong></span> <span class='ocrx_word' id='word_1_87' title='bbox 2096 1671 2297 1739; x_wconf 85' lang='lat' dir='ltr'><strong>exci-</strong></span> 
     </span>
     <span class='ocr_line' id='line_1_15' title="bbox 408 1771 2298 1866; baseline 0.002 -26"><span class='ocrx_word' id='word_1_88' title='bbox 408 1771 698 1861; x_wconf 89' lang='lat' dir='ltr'><strong>piendis</strong></span> <span class='ocrx_word' id='word_1_89' title='bbox 731 1773 976 1865; x_wconf 88' lang='lat' dir='ltr'><strong>plures</strong></span> <span class='ocrx_word' id='word_1_90' title='bbox 1008 1795 1173 1845; x_wconf 90' lang='lat' dir='ltr'><strong>cum</strong></span> <span class='ocrx_word' id='word_1_91' title='bbox 1213 1774 1722 1866; x_wconf 79' lang='lat' dir='ltr'><strong>praeteriiffent</strong></span> <span class='ocrx_word' id='word_1_92' title='bbox 1754 1776 1939 1856; x_wconf 76' lang='lat' dir='ltr'><strong>die5‚</strong></span> <span class='ocrx_word' id='word_1_93' title='bbox 1975 1776 2298 1865; x_wconf 84' lang='lat' dir='ltr'><strong>repetito</strong></span> 
     </span>
     <span class='ocr_line' id='line_1_16' title="bbox 407 1874 2301 1970; baseline 0.002 -25"><span class='ocrx_word' id='word_1_94' title='bbox 407 1874 704 1949; x_wconf 74' lang='lat' dir='ltr'><strong>subinde</strong></span> <span class='ocrx_word' id='word_1_95' title='bbox 756 1878 1361 1955; x_wconf 64' lang='lat' dir='ltr'><strong>sanctiffimorum</strong></span> <span class='ocrx_word' id='word_1_96' title='bbox 1419 1879 1695 1970; x_wconf 90' lang='lat' dir='ltr'><strong>pedum</strong></span> <span class='ocrx_word' id='word_1_97' title='bbox 1754 1878 1989 1949; x_wconf 89' lang='lat' dir='ltr'><strong>osculo</strong></span> <span class='ocrx_word' id='word_1_98' title='bbox 2040 1929 2060 1958; x_wconf 89' lang='lat'><strong>,</strong></span> <span class='ocrx_word' id='word_1_99' title='bbox 2120 1879 2301 1949; x_wconf 90' lang='lat' dir='ltr'><strong>levi-</strong></span> 
     </span>
     <span class='ocr_line' id='line_1_17' title="bbox 411 1981 2299 2076; baseline 0.001 -25"><span class='ocrx_word' id='word_1_100' title='bbox 411 1981 541 2052; x_wconf 90' lang='lat' dir='ltr'><strong>bus</strong></span> <span class='ocrx_word' id='word_1_101' title='bbox 570 1983 970 2076; x_wconf 87' lang='lat' dir='ltr'><strong>nephritici</strong></span> <span class='ocrx_word' id='word_1_102' title='bbox 1008 1984 1255 2057; x_wconf 87' lang='lat' dir='ltr'><strong>morbi</strong></span> <span class='ocrx_word' id='word_1_103' title='bbox 1303 1984 1943 2056; x_wconf 87' lang='lat' dir='ltr'><strong>commotiunculis</strong></span> <span class='ocrx_word' id='word_1_104' title='bbox 1977 1981 2299 2055; x_wconf 64' lang='lat' dir='ltr'><strong>afflictus</strong></span> 
     </span>
     <span class='ocr_line' id='line_1_18' title="bbox 405 2086 664 2175; baseline 0.004 -19"><span class='ocrx_word' id='word_1_105' title='bbox 405 2086 664 2175; x_wconf 82' lang='lat' dir='ltr'><strong>jacuit.</strong></span> 
     </span>
    </p>

    <p class='ocr_par' dir='ltr' id='par_1_3' title="bbox 402 2193 2298 2901">
     <span class='ocr_line' id='line_1_19' title="bbox 512 2193 2298 2289; baseline 0.002 -25"><span class='ocrx_word' id='word_1_106' title='bbox 512 2193 754 2289; x_wconf 77' lang='lat' dir='ltr'><strong>Quum</strong></span> <span class='ocrx_word' id='word_1_107' title='bbox 783 2197 1340 2270; x_wconf 88' lang='lat' dir='ltr'><strong>decumbentem</strong></span> <span class='ocrx_word' id='word_1_108' title='bbox 1384 2198 1910 2270; x_wconf 81' lang='lat' dir='ltr'><strong>consalutarent</strong></span> <span class='ocrx_word' id='word_1_109' title='bbox 1955 2197 2066 2270; x_wconf 88' lang='lat' dir='ltr'><strong>vel</strong></span> <span class='ocrx_word' id='word_1_110' title='bbox 2115 2196 2298 2267; x_wconf 82' lang='lat' dir='ltr'><strong>salu·</strong></span> 
     </span>
     <span class='ocr_line' id='line_1_20' title="bbox 408 2300 2290 2395; baseline 0.004 -29"><span class='ocrx_word' id='word_1_111' title='bbox 408 2310 651 2368; x_wconf 87' lang='lat' dir='ltr'><strong>tatum</strong></span> <span class='ocrx_word' id='word_1_112' title='bbox 681 2302 1057 2372; x_wconf 88' lang='lat' dir='ltr'><strong>mitterent</strong></span> <span class='ocrx_word' id='word_1_113' title='bbox 1094 2300 1359 2395; x_wconf 84' lang='lat' dir='ltr'><strong>Legati</strong></span> <span class='ocrx_word' id='word_1_114' title='bbox 1382 2303 1760 2383; x_wconf 83' lang='lat' dir='ltr'><strong>,Praesules</strong></span> <span class='ocrx_word' id='word_1_115' title='bbox 1780 2361 1799 2387; x_wconf 86' lang='lat'>‚</span> <span class='ocrx_word' id='word_1_116' title='bbox 1829 2301 2062 2375; x_wconf 86' lang='lat' dir='ltr'><strong>Urbis</strong></span> <span class='ocrx_word' id='word_1_117' title='bbox 2088 2300 2290 2387; x_wconf 87' lang='lat' dir='ltr'><strong>Prin-</strong></span> 
     </span>
     <span class='ocr_line' id='line_1_21' title="bbox 409 2403 2291 2497; baseline 0.002 -26"><span class='ocrx_word' id='word_1_118' title='bbox 409 2403 733 2495; x_wconf 85' lang='lat' dir='ltr'><strong>cipes,&amp;</strong></span> <span class='ocrx_word' id='word_1_119' title='bbox 769 2405 883 2477; x_wconf 90' lang='lat' dir='ltr'><strong>vel</strong></span> <span class='ocrx_word' id='word_1_120' title='bbox 927 2407 1080 2496; x_wconf 92' lang='lat' dir='ltr'><strong>ipse</strong></span> <span class='ocrx_word' id='word_1_121' title='bbox 1114 2405 1511 2497; x_wconf 88' lang='lat' dir='ltr'><strong>Supremus</strong></span> <span class='ocrx_word' id='word_1_122' title='bbox 1538 2411 1872 2479; x_wconf 88' lang='lat' dir='ltr'><strong>omniurn</strong></span> <span class='ocrx_word' id='word_1_123' title='bbox 1906 2410 2291 2497; x_wconf 88' lang='lat' dir='ltr'><strong>Princeps,</strong></span> 
     </span>
     <span class='ocr_line' id='line_1_22' title="bbox 412 2509 2292 2606; baseline 0.001 -26"><span class='ocrx_word' id='word_1_124' title='bbox 412 2509 964 2601; x_wconf 76' lang='lat' dir='ltr'><strong>aegritudinem,</strong></span> <span class='ocrx_word' id='word_1_125' title='bbox 985 2510 1331 2601; x_wconf 68' lang='lat' dir='ltr'><strong>postridie</strong></span> <span class='ocrx_word' id='word_1_126' title='bbox 1380 2513 1525 2601; x_wconf 87' lang='lat' dir='ltr'><strong>ejus</strong></span> <span class='ocrx_word' id='word_1_127' title='bbox 1555 2515 1701 2584; x_wconf 88' lang='lat' dir='ltr'><strong>diei</strong></span> <span class='ocrx_word' id='word_1_128' title='bbox 1738 2537 1884 2606; x_wconf 88' lang='lat' dir='ltr'><strong>quo</strong></span> <span class='ocrx_word' id='word_1_129' title='bbox 1923 2512 2292 2584; x_wconf 83' lang='lat' dir='ltr'><strong>incesserat</strong></span> 
     </span>
     <span class='ocr_line' id='line_1_23' title="bbox 404 2612 2291 2706; baseline 0.001 -22"><span class='ocrx_word' id='word_1_130' title='bbox 404 2613 661 2685; x_wconf 83' lang='lat' dir='ltr'><strong>lenivit</strong></span> <span class='ocrx_word' id='word_1_131' title='bbox 695 2612 1111 2706; x_wconf 84' lang='lat' dir='ltr'><strong>epistolium</strong></span> <span class='ocrx_word' id='word_1_132' title='bbox 1142 2614 1368 2687; x_wconf 86' lang='lat' dir='ltr'><strong>altera</strong></span> <span class='ocrx_word' id='word_1_133' title='bbox 1402 2617 1631 2688; x_wconf 64' lang='lat' dir='ltr'><strong>nostis</strong></span> <span class='ocrx_word' id='word_1_134' title='bbox 1664 2619 1844 2690; x_wconf 84' lang='lat' dir='ltr'><strong>hora</strong></span> <span class='ocrx_word' id='word_1_135' title='bbox 1879 2617 2166 2689; x_wconf 80' lang='lat' dir='ltr'><strong>rnifl‘um</strong></span> <span class='ocrx_word' id='word_1_136' title='bbox 2198 2618 2291 2685; x_wconf 89' lang='lat' dir='ltr'><strong>ab</strong></span> 
     </span>
     <span class='ocr_line' id='line_1_24' title="bbox 404 2716 2289 2813; baseline -0.001 -24"><span class='ocrx_word' id='word_1_137' title='bbox 404 2716 982 2790; x_wconf 85' lang='lat' dir='ltr'><strong>Eminentiffimo</strong></span> <span class='ocrx_word' id='word_1_138' title='bbox 1003 2717 1344 2789; x_wconf 82' lang='lat' dir='ltr'><strong>Paulucio</strong></span> <span class='ocrx_word' id='word_1_139' title='bbox 1361 2743 1483 2793; x_wconf 84' lang='lat' dir='ltr'><strong>xv.</strong></span> <span class='ocrx_word' id='word_1_140' title='bbox 1502 2723 1668 2793; x_wconf 82' lang='lat' dir='ltr'><strong>Kal.</strong></span> <span class='ocrx_word' id='word_1_141' title='bbox 1692 2723 2134 2813; x_wconf 83' lang='lat' dir='ltr'><strong>Septembris</strong></span> <span class='ocrx_word' id='word_1_142' title='bbox 2168 2722 2289 2789; x_wconf 92' lang='lat' dir='ltr'><strong>de-</strong></span> 
     </span>
     <span class='ocr_line' id='line_1_25' title="bbox 402 2824 2289 2901; baseline 0.005 -9"><span class='ocrx_word' id='word_1_143' title='bbox 402 2824 673 2895; x_wconf 66' lang='lat' dir='ltr'><strong>lenum</strong></span> <span class='ocrx_word' id='word_1_144' title='bbox 718 2825 812 2895; x_wconf 90' lang='lat' dir='ltr'><strong>ad</strong></span> <span class='ocrx_word' id='word_1_145' title='bbox 850 2824 1425 2895; x_wconf 82' lang='lat' dir='ltr'><strong>Mediolanenses</strong></span> <span class='ocrx_word' id='word_1_146' title='bbox 1472 2826 1735 2900; x_wconf 76' lang='lat' dir='ltr'><strong>infulas</strong></span> <span class='ocrx_word' id='word_1_147' title='bbox 1767 2827 2289 2901; x_wconf 59' lang='lat' dir='ltr'><strong>Benedistuim</strong></span> 
     </span>
    </p>
   </div>
   <div class='ocr_carea' id='block_1_2' title="bbox 405 2926 2289 3105">
    <p class='ocr_par' dir='ltr' id='par_1_4' title="bbox 405 2926 2289 3105">
     <span class='ocr_line' id='line_1_26' title="bbox 405 2926 2289 3005; baseline 0.002 -9"><span class='ocrx_word' id='word_1_148' title='bbox 405 2926 794 3003; x_wconf 83' lang='lat' dir='ltr'><strong>Praesulem</strong></span> <span class='ocrx_word' id='word_1_149' title='bbox 814 2928 1154 3001; x_wconf 81' lang='lat' dir='ltr'><strong>Herbam</strong></span> <span class='ocrx_word' id='word_1_150' title='bbox 1185 2927 1655 3005; x_wconf 82' lang='lat' dir='ltr'><strong>Odescalcum</strong></span> <span class='ocrx_word' id='word_1_151' title='bbox 1692 2934 2071 3005; x_wconf 86' lang='lat' dir='ltr'><strong>nunciante</strong></span> <span class='ocrx_word' id='word_1_152' title='bbox 2103 2986 2117 3002; x_wconf 93' lang='lat'><strong>.</strong></span> <span class='ocrx_word' id='word_1_153' title='bbox 2178 2929 2289 2999; x_wconf 86' lang='lat' dir='ltr'><strong>In-</strong></span> 
     </span>
     <span class='ocr_line' id='line_1_27' title="bbox 1996 3051 2178 3105; baseline 0 -1"><span class='ocrx_word' id='word_1_154' title='bbox 1996 3051 2178 3105; x_wconf 89' lang='lat' dir='ltr'><strong>tem-</strong></span> 
     </span>
    </p>
   </div>
  </div>
 </body>
</html>
