2540 3543
1892 297 1929 344 2

193 384 388 445 ceret
429 369 494 437 se
542 365 931 457 dignitatis
973 366 1348 457 fastigium
1393 370 1724 460 nuspiam
1776 295 2077 450 omnia&

191 487 519 569 ponere,
549 468 673 538 nifi
723 469 797 538 in
843 468 1217 561 religionis
1265 470 1338 539 &
1381 473 1680 560 pietatis
1712 477 1923 553 Sede.
1981 483 2078 555 Ei:

192 573 631 667 Apostolicae
665 571 1057 666 legationi,
1079 574 1152 644 &
1184 572 1663 647 Ambrofiano
1694 585 2075 672 regimini,

191 685 264 754 &
299 678 426 750 sibi
459 676 695 749 solnm
734 700 903 771 par,
938 681 1068 771 qui
1103 681 1217 753 vel
1256 680 1504 773 plures
1537 682 2076 776 multiplicatus

191 789 266 859 in
298 799 542 876 partes
563 783 965 877 ubicunque
997 785 1427 867 adeffet,vel
1455 785 1620 858 solis
1652 789 1871 862 instar
1898 796 2082 865 emi-

190 891 320 962 nsis
349 890 774 969 irradiaret,
806 890 1128 962 Romam
1156 889 1854 972 fama,Varsaviam
1886 917 2080 987 prae-

191 996 417 1068 sentia
443 1047 465 1076 ‚
494 994 1120 1068 Mediolanensem
1151 994 1561 1070 Civitatem
1590 997 2080 1096 Ecclefiastica

193 1100 578 1193 disciplina
607 1152 629 1181 ,
655 1105 907 1173 omnia
955 1102 1247 1172 nomine
1294 1103 1639 1195 implevit
1671 1154 1695 1184 ,
1729 1105 1801 1175 ὃ(
1841 1111 2082 1181 nurni-

187 1228 307 1279 ne.
365 1206 545 1277 Sane
599 1206 932 1277 divinam
977 1207 1172 1279 illius
1225 1226 1551 1280 mentem
1608 1211 1951 1301 exposuit
2004 1214 2082 1284 in

188 1312 296 1384 sui
330 1310 802 1383 Pontificatus
846 1313 1163 1383 exordio
1203 1314 1585 1405 pastoralis
1635 1315 1731 1385 ad
1780 1338 2081 1409 gregem

195 1419 412 1490 litera
461 1414 832 1490 Varsaviae
896 1418 1070 1490 data
1118 1421 1466 1510 postridie
1520 1417 1687 1490 Idus
1752 1419 2077 1494 Martias

197 1519 718 1596 MDCCXIII.
755 1522 945 1595 hisce
982 1527 1422 1596 nominatim
1455 1523 1754 1596 sensibus
1782 1524 2084 1611 Italico,

197 1629 422 1724 proi‘it
455 1631 687 1700 moris
705 1680 727 1708 ,
748 1629 1069 1701 sermone
1113 1632 1485 1702 exornatis
1503 1684 1522 1703 .

301 1787 347 1815 „
403 1733 961 1808 Mediolanensis
991 1735 1316 1808 Ecclefiae
1363 1738 1834 1809 moderamen
1891 1739 2080 1812 infra

197 1892 240 1923 ,,
296 1841 486 1913 vires
521 1841 591 1910 δι
629 1843 892 1911 merita
935 1840 1060 1913 fibi
1116 1843 1308 1914 ultro
1362 1843 1821 1915 commissum
1880 1846 1918 1916 a
1958 1842 2083 1916 Su-

197 1998 244 2029 „
300 1945 926 2039 premiPontificis
955 1947 1657 2028 munificentia,tum
1683 1950 1853 2021 vero
1885 1952 2087 2041 quod

196 2105 241 2134 ‚,
297 2052 752 2144 Apostolicus
788 2054 858 2120 in
896 2050 1214 2123 Poloniae
1249 2054 1496 2146 Regno
1525 2053 1848 2124 Nuncius
1891 2056 2083 2127 abes·

221 2157 399 2238 ,set
454 2159 491 2226 a
525 2155 962 2226 demandata
1017 2157 1466 2229 custodiendi
1511 2161 1749 2252 gregis
1785 2180 2000 2251 provi
1982 2162 2082 2229 Nn

195 2314 241 2346 ‚,
295 2264 443 2342 cia,
455 2280 618 2331 eam
645 2262 1134 2332 anxioanimo
1156 2243 1688 2334 solicitudinem
1722 2264 2086 2344 incussisse,

196 2417 240 2449 „
298 2381 375 2435 ut
419 2365 617 2435 sacro
653 2369 974 2455 quodam
1012 2389 1282 2458 pavore
1317 2368 1646 2458 primum
1681 2370 1999 2460 perculsa
1994 2391 2083 2448 s,

192 2520 239 2552 ,,
294 2493 479 2540 mox
521 2470 870 2543 invisendi
914 2474 1126 2544 ovilis
1164 2473 1512 2545 desiderio
1556 2476 1815 2545 ardens
1847 2525 1868 2554 ,
1899 2474 2076 2544 semn

193 2626 243 2658 ‚,
300 2597 576 2668 perque
643 2576 1074 2667 irrequietus
1130 2581 1554 2650 diutnrnam
1626 2581 2076 2654 absentiam..

193 2733 237 2762 ,,
294 2680 676 2773 aegerrime
718 2680 1174 2757 sustinuerit.
1235 2685 1419 2756 Divi
1473 2684 1675 2756 Pauli
1725 2705 1932 2753 voces
1986 2686 2080 2753 ad

193 2836 239 2866 ‚,
295 2785 986 2858 Thessalonicensem
1019 2788 1447 2868 Ecclesiam,
1477 2791 1668 2860 illins
1706 2789 2076 2877 primiim,

197 2941 241 2971 ,,
297 2912 476 2962 nunc
512 2912 703 2961 ciirae
736 2892 873 2963 suae
922 2897 1377 2991 commissam
1431 2893 1828 2965 identidem
1881 2894 2078 2985 inge-A

1736 3047 1780 3076 ,‚
1837 3017 1973 3068 rni-
