2540 3543
231 378 653 453 sententiam
686 391 765 446 ut
800 398 896 448 ex
919 378 1113 448 illius
1135 375 1348 449 Caetu
1370 376 1684 471 Legatus
1702 389 1911 459 extra
1932 307 2128 461 ogdi-

232 503 399 563 nem
431 481 524 551 ad
548 481 995 551 Vaticanum
1030 480 1311 553 Solium
1341 483 1754 557 mitteretur
1789 540 1809 566 ,
1840 496 1967 581 qui
2012 498 2121 568 vi-

233 588 537 657 duatam
568 583 958 657 Ecclefiam
1010 589 1325 659 recreari
1373 588 1687 679 patritio
1721 593 2129 671 Antistitz,

233 705 607 763 exoraret.
661 690 1006 764 Deiectus
1041 693 1136 764 ad
1171 694 1247 765 id
1266 711 1521 765 munus
1540 692 2128 790 ComesJo.Bap-

237 796 401 868 tista
433 794 674 867 Siccus
695 794 985 869 Borella
1008 849 1029 879 ‚
1054 819 1277 890 quem
1315 813 1538 870 tantae
1569 801 1678 871 rei
1717 821 1975 893 parem
2004 824 2125 895 ge-

235 903 424 974 neris
456 900 703 994 fulgor
728 952 747 980 ‚
779 903 1082 975 virtutes
1114 954 1135 983 ,
1169 906 1432 976 merita
1469 906 2123 980 commendabant.

236 1059 281 1090 „
332 1005 479 1078 Iret
530 1009 624 1077 ad
659 1005 954 1081 Urbem
991 1011 1269 1100 quanto
1319 1007 1594 1101 ocyu55
1646 1013 1916 1104 Ageret
1957 1033 2131 1086 cum

237 1165 283 1198 ‚‚
337 1111 676 1185 Caesareo
716 1115 932 1204 penes
967 1115 1468 1206 Apostolicam
1516 1113 1775 1187 Sedem
1804 1114 2126 1212 Legato,

239 1270 284 1300 „
339 1239 508 1288 cum
540 1216 922 1289 Benevolis
946 1217 1379 1310 Purpuratis
1412 1244 1433 1290 3
1488 1221 1605 1290 Ad
1641 1218 2128 1297 Sand’tiffimos

239 1375 290 1406 „
343 1322 566 1394 Pedes
604 1326 1119 1415 procumberet
1167 1324 1574 1417 supplicem
1612 1326 1966 1399 exhibens
1999 1330 2129 1402 Ci-

243 1480 288 1511 ,‚
341 1431 704 1502 vitatem3
761 1429 1057 1514 Publica
1118 1435 1468 1523 panderet
1516 1445 1687 1501 vota
1735 1431 2126 1508 sufficiendi

245 1586 289 1617 „
343 1535 912 1607 Archiantistitis
956 1558 1051 1608 ex
1089 1538 1338 1607 ordine
1374 1537 1720 1610 Civitatis
1768 1541 2082 1629 patritio
2108 1593 2132 1621 ,

242 1693 288 1722 ,‚
341 1641 630 1733 aliaque
681 1658 1087 1734 exponeret
1120 1643 1290 1713 fidei
1322 1643 1464 1714 suae
1495 1643 2131 1736 cominiffa,queis

242 1797 289 1828 „
344 1767 649 1817 annuere
683 1745 1030 1818 Pontifex
1068 1748 1424 1819 Omnium
1457 1747 1846 1818 Maximus
1881 1752 2132 1843 digna-

245 1903 290 1932 „
344 1865 580 1924 retur.
635 1902 679 1930 ,,
734 1851 973 1922 Morae
1020 1868 1266 1924 tamen
1319 1855 1561 1924 itineri
1612 1854 1782 1923 huic
1830 1855 2129 1926 necessa-

243 1960 373 2029 riae
410 1958 876 2049 impatientes
908 1958 1241 2029 Proceres
1271 1957 1725 2029 Sanciiffimo
1762 1958 2088 2031 Culmini
2111 2014 2130 2041 ,

243 2062 830 2133 Eminentiffimo
862 2061 1227 2134 Pontificii
1264 2065 1504 2134 Status
1549 2067 1585 2134 a
1621 2063 1920 2134 Secretis
1952 2065 2130 2137 Pau-

245 2169 462 2250 lucio,
478 2166 1093 2238 Excellentiffimo
1113 2169 1443 2241 Caesareo
1458 2168 1735 2260 Legato
1754 2168 2136 2242 Marchio-

248 2275 324 2343 ni
355 2270 615 2342 Prienfi
666 2274 1018 2344 veredarii
1065 2276 1436 2345 celeritate
1472 2275 1946 2365 praenuntiari
1980 2299 2134 2347 om-

248 2379 368 2447 nia
428 2374 853 2446 festinarunt
901 2430 922 2458 ‚
968 2380 1318 2470 expofitis
1364 2379 1710 2451 potestati
1762 2378 2133 2455 Maximae

250 2481 582 2575 precibus
611 2481 818 2554 filiali
855 2485 1157 2577 epistola
1214 2487 1576 2558 exaratis.

1809 3009 1936 3082 ‘BE
1945 3011 2034 3080 A.
