<?xml version="1.0" encoding="UTF-8"?>
<!DOCTYPE html PUBLIC "-//W3C//DTD XHTML 1.0 Transitional//EN"
    "http://www.w3.org/TR/xhtml1/DTD/xhtml1-transitional.dtd">
<html xmlns="http://www.w3.org/1999/xhtml" xml:lang="en" lang="en">
 <head>
  <title>
</title>
<meta http-equiv="Content-Type" content="text/html;charset=utf-8" />
  <meta name='ocr-system' content='tesseract 3.04.00' />
  <meta name='ocr-capabilities' content='ocr_page ocr_carea ocr_par ocr_line ocrx_word'/>
</head>
<body>
  <div class='ocr_page' id='page_1' title='image "./amoristriumphusi00meda_0082.png"; bbox 0 0 2540 3543; ppageno 0'>
   <div class='ocr_carea' id='block_1_1' title="bbox 348 253 2271 2865">
    <p class='ocr_par' dir='ltr' id='par_1_1' title="bbox 348 253 2246 742">
     <span class='ocr_line' id='line_1_1' title="bbox 447 253 552 322; baseline -0.029 0"><span class='ocrx_word' id='word_1_1' title='bbox 447 253 552 322; x_wconf 82' lang='lat'>&#39;62</span> 
     </span>
     <span class='ocr_line' id='line_1_2' title="bbox 348 345 2245 441; baseline -0.003 -15"><span class='ocrx_word' id='word_1_2' title='bbox 348 351 774 426; x_wconf 80' lang='lat' dir='ltr'>&#39;defuturum</span> <span class='ocrx_word' id='word_1_3' title='bbox 794 400 812 421; x_wconf 92' lang='lat'><strong>.</strong></span> <span class='ocrx_word' id='word_1_4' title='bbox 868 346 1107 424; x_wconf 86' lang='lat' dir='ltr'>Grato</span> <span class='ocrx_word' id='word_1_5' title='bbox 1137 367 1223 421; x_wconf 91' lang='lat' dir='ltr'>ac</span> <span class='ocrx_word' id='word_1_6' title='bbox 1253 347 1712 441; x_wconf 83' lang='lat' dir='ltr'>perhumano</span> <span class='ocrx_word' id='word_1_7' title='bbox 1739 345 2075 439; x_wconf 86' lang='lat' dir='ltr'>responso</span> <span class='ocrx_word' id='word_1_8' title='bbox 2095 403 2118 434; x_wconf 86' lang='lat'><em>,</em></span> <span class='ocrx_word' id='word_1_9' title='bbox 2146 351 2245 421; x_wconf 87' lang='lat' dir='ltr'>ti-</span> 
     </span>
     <span class='ocr_line' id='line_1_3' title="bbox 349 449 2246 549; baseline -0.003 -18"><span class='ocrx_word' id='word_1_10' title='bbox 349 459 821 549; x_wconf 82' lang='lat' dir='ltr'>tulorumque</span> <span class='ocrx_word' id='word_1_11' title='bbox 852 476 937 526; x_wconf 87' lang='lat' dir='ltr'>ac</span> <span class='ocrx_word' id='word_1_12' title='bbox 979 449 1385 527; x_wconf 88' lang='lat' dir='ltr'>deducendi</span> <span class='ocrx_word' id='word_1_13' title='bbox 1439 454 1586 524; x_wconf 89' lang='lat' dir='ltr'>ritu</span> <span class='ocrx_word' id='word_1_14' title='bbox 1620 473 1761 523; x_wconf 87' lang='lat' dir='ltr'>non</span> <span class='ocrx_word' id='word_1_15' title='bbox 1792 451 1985 524; x_wconf 87' lang='lat' dir='ltr'>secus</span> <span class='ocrx_word' id='word_1_16' title='bbox 2023 470 2246 547; x_wconf 87' lang='lat' dir='ltr'>atque</span> 
     </span>
     <span class='ocr_line' id='line_1_4' title="bbox 351 555 2239 654; baseline -0.003 -17"><span class='ocrx_word' id='word_1_17' title='bbox 351 565 430 637; x_wconf 88' lang='lat' dir='ltr'>in</span> <span class='ocrx_word' id='word_1_18' title='bbox 458 562 1049 654; x_wconf 69' lang='lat' dir='ltr'>jurisperitorum·</span> <span class='ocrx_word' id='word_1_19' title='bbox 1081 555 1504 652; x_wconf 83' lang='lat' dir='ltr'>Collegium</span> <span class='ocrx_word' id='word_1_20' title='bbox 1535 559 1838 652; x_wconf 78' lang='lat' dir='ltr'>benigne</span> <span class='ocrx_word' id='word_1_21' title='bbox 1874 559 2110 632; x_wconf 89' lang='lat' dir='ltr'>habiti</span> <span class='ocrx_word' id='word_1_22' title='bbox 2143 561 2239 632; x_wconf 90' lang='lat' dir='ltr'>ad</span> 
     </span>
     <span class='ocr_line' id='line_1_5' title="bbox 357 665 1389 742; baseline -0.009 1"><span class='ocrx_word' id='word_1_23' title='bbox 357 690 587 742; x_wconf 87' lang='lat' dir='ltr'>unum</span> <span class='ocrx_word' id='word_1_24' title='bbox 613 687 863 739; x_wconf 85' lang='lat' dir='ltr'>ornnes</span> <span class='ocrx_word' id='word_1_25' title='bbox 899 667 1167 739; x_wconf 83' lang='lat' dir='ltr'>dimiffi</span> <span class='ocrx_word' id='word_1_26' title='bbox 1199 665 1389 735; x_wconf 85' lang='lat' dir='ltr'>sunt.</span> 
     </span>
    </p>

    <p class='ocr_par' dir='ltr' id='par_1_2' title="bbox 357 767 2250 1162">
     <span class='ocr_line' id='line_1_6' title="bbox 459 767 2244 861; baseline -0.003 -15"><span class='ocrx_word' id='word_1_27' title='bbox 459 772 847 846; x_wconf 85' lang='lat' dir='ltr'>Laudenfis</span> <span class='ocrx_word' id='word_1_28' title='bbox 882 772 1142 841; x_wconf 84' lang='lat' dir='ltr'>dehinc</span> <span class='ocrx_word' id='word_1_29' title='bbox 1179 769 1527 839; x_wconf 88' lang='lat' dir='ltr'>Civitatis</span> <span class='ocrx_word' id='word_1_30' title='bbox 1582 767 2013 859; x_wconf 82' lang='lat' dir='ltr'>obsequium</span> <span class='ocrx_word' id='word_1_31' title='bbox 2069 769 2244 861; x_wconf 85' lang='lat' dir='ltr'>ejus-</span> 
     </span>
     <span class='ocr_line' id='line_1_7' title="bbox 357 871 2248 952; baseline -0.003 1"><span class='ocrx_word' id='word_1_32' title='bbox 357 881 528 952; x_wconf 84' lang='lat' dir='ltr'>dem</span> <span class='ocrx_word' id='word_1_33' title='bbox 559 880 839 948; x_wconf 87' lang='lat' dir='ltr'>Praetor</span> <span class='ocrx_word' id='word_1_34' title='bbox 876 877 950 944; x_wconf 67' lang='grc' dir='ltr'>ὃ(</span> <span class='ocrx_word' id='word_1_35' title='bbox 977 875 1427 943; x_wconf 87' lang='lat' dir='ltr'>Decuriones</span> <span class='ocrx_word' id='word_1_36' title='bbox 1459 921 1483 950; x_wconf 87' lang='lat'>,</span> <span class='ocrx_word' id='word_1_37' title='bbox 1528 892 1713 941; x_wconf 87' lang='lat' dir='ltr'>mox</span> <span class='ocrx_word' id='word_1_38' title='bbox 1747 871 2248 947; x_wconf 87' lang='lat' dir='ltr'>Mediolanen-</span> 
     </span>
     <span class='ocr_line' id='line_1_8' title="bbox 358 974 2250 1072; baseline -0.002 -16"><span class='ocrx_word' id='word_1_39' title='bbox 358 986 533 1056; x_wconf 88' lang='lat' dir='ltr'>fium</span> <span class='ocrx_word' id='word_1_40' title='bbox 553 980 1020 1052; x_wconf 85' lang='lat' dir='ltr'>Bafilicarum</span> <span class='ocrx_word' id='word_1_41' title='bbox 1040 976 1421 1070; x_wconf 84' lang='lat' dir='ltr'>Praepofiti</span> <span class='ocrx_word' id='word_1_42' title='bbox 1456 974 1658 1047; x_wconf 88' lang='lat' dir='ltr'>suam</span> <span class='ocrx_word' id='word_1_43' title='bbox 1690 978 1762 1047; x_wconf 91' lang='lat' dir='ltr'>in</span> <span class='ocrx_word' id='word_1_44' title='bbox 1797 977 2103 1072; x_wconf 82' lang='lat' dir='ltr'>singulos</span> <span class='ocrx_word' id='word_1_45' title='bbox 2131 1003 2250 1055; x_wconf 86' lang='lat' dir='ltr'>ve-</span> 
     </span>
     <span class='ocr_line' id='line_1_9' title="bbox 360 1082 1854 1162; baseline -0.007 0"><span class='ocrx_word' id='word_1_46' title='bbox 360 1089 815 1162; x_wconf 85' lang='lat' dir='ltr'>nerationem</span> <span class='ocrx_word' id='word_1_47' title='bbox 849 1083 1233 1154; x_wconf 86' lang='lat' dir='ltr'>Cardinali</span> <span class='ocrx_word' id='word_1_48' title='bbox 1264 1082 1756 1155; x_wconf 86' lang='lat' dir='ltr'>exhibuerunt</span> <span class='ocrx_word' id='word_1_49' title='bbox 1780 1136 1799 1153; x_wconf 87' lang='lat'><strong>.</strong></span> <span class='ocrx_word' id='word_1_50' title='bbox 1850 1139 1854 1144; x_wconf 93' lang='lat'>.</span> 
     </span>
    </p>

    <p class='ocr_par' dir='ltr' id='par_1_3' title="bbox 354 1187 2264 2238">
     <span class='ocr_line' id='line_1_10' title="bbox 461 1187 2252 1282; baseline -0.002 -18"><span class='ocrx_word' id='word_1_51' title='bbox 461 1188 751 1264; x_wconf 66' lang='lat' dir='ltr'>Exasto</span> <span class='ocrx_word' id='word_1_52' title='bbox 782 1191 1233 1282; x_wconf 84' lang='lat' dir='ltr'>prandio,ac</span> <span class='ocrx_word' id='word_1_53' title='bbox 1265 1190 1579 1280; x_wconf 75' lang='lat' dir='ltr'>repetita</span> <span class='ocrx_word' id='word_1_54' title='bbox 1612 1189 1687 1259; x_wconf 89' lang='lat' dir='ltr'>in</span> <span class='ocrx_word' id='word_1_55' title='bbox 1722 1187 2040 1281; x_wconf 87' lang='lat' dir='ltr'>Templo</span> <span class='ocrx_word' id='word_1_56' title='bbox 2073 1189 2252 1261; x_wconf 88' lang='lat' dir='ltr'>ado-</span> 
     </span>
     <span class='ocr_line' id='line_1_11' title="bbox 354 1294 2253 1389; baseline -0.003 -16"><span class='ocrx_word' id='word_1_57' title='bbox 354 1301 636 1373; x_wconf 84' lang='lat' dir='ltr'>ratione</span> <span class='ocrx_word' id='word_1_58' title='bbox 659 1295 1153 1388; x_wconf 86' lang='lat' dir='ltr'>Metropolim</span> <span class='ocrx_word' id='word_1_59' title='bbox 1174 1294 1531 1389; x_wconf 82' lang='lat' dir='ltr'>petiturus</span> <span class='ocrx_word' id='word_1_60' title='bbox 1563 1295 1702 1364; x_wconf 88' lang='lat' dir='ltr'>iter</span> <span class='ocrx_word' id='word_1_61' title='bbox 1733 1296 2053 1386; x_wconf 83' lang='lat' dir='ltr'>arripuit</span> <span class='ocrx_word' id='word_1_62' title='bbox 2070 1295 2253 1367; x_wconf 79' lang='lat' dir='ltr'>Car-</span> 
     </span>
     <span class='ocr_line' id='line_1_12' title="bbox 357 1398 2253 1494; baseline -0.004 -16"><span class='ocrx_word' id='word_1_63' title='bbox 357 1403 622 1479; x_wconf 83' lang='lat' dir='ltr'>dinalis</span> <span class='ocrx_word' id='word_1_64' title='bbox 638 1453 661 1485; x_wconf 82' lang='grc'>,</span> <span class='ocrx_word' id='word_1_65' title='bbox 676 1398 1066 1494; x_wconf 84' lang='lat' dir='ltr'>Episcopo,</span> <span class='ocrx_word' id='word_1_66' title='bbox 1081 1399 1502 1491; x_wconf 79' lang='lat' dir='ltr'>caeterisque</span> <span class='ocrx_word' id='word_1_67' title='bbox 1522 1398 1907 1470; x_wconf 87' lang='lat' dir='ltr'>Nobilibus</span> <span class='ocrx_word' id='word_1_68' title='bbox 1926 1421 2062 1472; x_wconf 90' lang='lat' dir='ltr'>non</span> <span class='ocrx_word' id='word_1_69' title='bbox 2092 1422 2253 1471; x_wconf 88' lang='lat' dir='ltr'>mo-</span> 
     </span>
     <span class='ocr_line' id='line_1_13' title="bbox 361 1502 2256 1599; baseline -0.002 -17"><span class='ocrx_word' id='word_1_70' title='bbox 361 1513 612 1582; x_wconf 81' lang='lat' dir='ltr'>dicum</span> <span class='ocrx_word' id='word_1_71' title='bbox 668 1511 807 1580; x_wconf 76' lang='lat' dir='ltr'>viae</span> <span class='ocrx_word' id='word_1_72' title='bbox 843 1507 1163 1599; x_wconf 81' lang='lat' dir='ltr'>spatium</span> <span class='ocrx_word' id='word_1_73' title='bbox 1221 1511 1432 1579; x_wconf 73' lang='lat' dir='ltr'>extra</span> <span class='ocrx_word' id='word_1_74' title='bbox 1471 1502 1704 1578; x_wconf 75' lang='lat' dir='ltr'>Urbis</span> <span class='ocrx_word' id='word_1_75' title='bbox 1734 1506 1997 1578; x_wconf 86' lang='lat' dir='ltr'>maenia</span> <span class='ocrx_word' id='word_1_76' title='bbox 2044 1505 2256 1579; x_wconf 70' lang='lat' dir='ltr'>fimnl</span> 
     </span>
     <span class='ocr_line' id='line_1_14' title="bbox 361 1613 2256 1703; baseline -0.004 -14"><span class='ocrx_word' id='word_1_77' title='bbox 361 1614 1044 1693; x_wconf 72' lang='lat' dir='ltr'>emenfis‚mi1itum</span> <span class='ocrx_word' id='word_1_78' title='bbox 1080 1615 1262 1685; x_wconf 87' lang='lat' dir='ltr'>item</span> <span class='ocrx_word' id='word_1_79' title='bbox 1324 1616 1567 1683; x_wconf 69' lang='lat' dir='ltr'>turma</span> <span class='ocrx_word' id='word_1_80' title='bbox 1595 1626 1962 1703; x_wconf 86' lang='lat' dir='ltr'>praeeunte</span> <span class='ocrx_word' id='word_1_81' title='bbox 1984 1664 2004 1693; x_wconf 91' lang='lat'><strong>,</strong></span> <span class='ocrx_word' id='word_1_82' title='bbox 2036 1613 2256 1703; x_wconf 85' lang='lat' dir='ltr'>usque</span> 
     </span>
     <span class='ocr_line' id='line_1_15' title="bbox 361 1718 2255 1810; baseline -0.004 -16"><span class='ocrx_word' id='word_1_83' title='bbox 361 1723 543 1794; x_wconf 72' lang='lat' dir='ltr'>dum</span> <span class='ocrx_word' id='word_1_84' title='bbox 576 1719 768 1791; x_wconf 84' lang='lat' dir='ltr'>illius</span> <span class='ocrx_word' id='word_1_85' title='bbox 792 1718 968 1808; x_wconf 71' lang='lat' dir='ltr'>jussu</span> <span class='ocrx_word' id='word_1_86' title='bbox 1001 1720 1407 1792; x_wconf 79' lang='lat' dir='ltr'>retrorsum</span> <span class='ocrx_word' id='word_1_87' title='bbox 1426 1718 2255 1810; x_wconf 64' lang='lat' dir='ltr'>cederet,n06lurnisque</span> 
     </span>
     <span class='ocr_line' id='line_1_16' title="bbox 365 1823 2258 1918; baseline -0.004 -19"><span class='ocrx_word' id='word_1_88' title='bbox 365 1827 677 1899; x_wconf 80' lang='lat' dir='ltr'>tenebris</span> <span class='ocrx_word' id='word_1_89' title='bbox 731 1826 1229 1918; x_wconf 84' lang='lat' dir='ltr'>ingruentibus</span> <span class='ocrx_word' id='word_1_90' title='bbox 1275 1823 1694 1895; x_wconf 84' lang='lat' dir='ltr'>Pontificias</span> <span class='ocrx_word' id='word_1_91' title='bbox 1723 1824 1934 1893; x_wconf 86' lang='lat' dir='ltr'>AEdes</span> <span class='ocrx_word' id='word_1_92' title='bbox 1989 1826 2258 1902; x_wconf 86' lang='lat' dir='ltr'>tenuit,</span> 
     </span>
     <span class='ocr_line' id='line_1_17' title="bbox 366 1929 2264 2026; baseline -0.003 -22"><span class='ocrx_word' id='word_1_93' title='bbox 366 1931 736 2026; x_wconf 66' lang='lat' dir='ltr'>suppressa</span> <span class='ocrx_word' id='word_1_94' title='bbox 789 1933 1140 2001; x_wconf 85' lang='lat' dir='ltr'>adventus</span> <span class='ocrx_word' id='word_1_95' title='bbox 1174 1933 1464 2001; x_wconf 88' lang='lat' dir='ltr'>notione</span> <span class='ocrx_word' id='word_1_96' title='bbox 1496 1950 1785 2000; x_wconf 84' lang='lat' dir='ltr'>moram</span> <span class='ocrx_word' id='word_1_97' title='bbox 1822 1929 2139 2001; x_wconf 58' lang='lat' dir='ltr'>saecutus</span> <span class='ocrx_word' id='word_1_98' title='bbox 2169 1930 2264 2000; x_wconf 87' lang='lat' dir='ltr'>acl</span> 
     </span>
     <span class='ocr_line' id='line_1_18' title="bbox 371 2034 2259 2128; baseline -0.004 -18"><span class='ocrx_word' id='word_1_99' title='bbox 371 2038 764 2110; x_wconf 85' lang='lat' dir='ltr'>solemnem</span> <span class='ocrx_word' id='word_1_100' title='bbox 803 2034 1020 2127; x_wconf 84' lang='lat' dir='ltr'>usque</span> <span class='ocrx_word' id='word_1_101' title='bbox 1054 2038 1293 2116; x_wconf 89' lang='lat' dir='ltr'>diem,</span> <span class='ocrx_word' id='word_1_102' title='bbox 1323 2058 1508 2127; x_wconf 87' lang='lat' dir='ltr'>quo,</span> <span class='ocrx_word' id='word_1_103' title='bbox 1539 2034 1863 2106; x_wconf 85' lang='lat' dir='ltr'>Civitate</span> <span class='ocrx_word' id='word_1_104' title='bbox 1904 2037 2259 2128; x_wconf 82' lang='lat' dir='ltr'>expedita</span> 
     </span>
     <span class='ocr_line' id='line_1_19' title="bbox 374 2139 2260 2238; baseline -0.003 -23"><span class='ocrx_word' id='word_1_105' title='bbox 374 2164 682 2238; x_wconf 85' lang='lat' dir='ltr'>quaeque</span> <span class='ocrx_word' id='word_1_106' title='bbox 702 2144 1082 2213; x_wconf 84' lang='lat' dir='ltr'>nunciante</span> <span class='ocrx_word' id='word_1_107' title='bbox 1102 2194 1122 2222; x_wconf 90' lang='lat'><strong>,</strong></span> <span class='ocrx_word' id='word_1_108' title='bbox 1139 2141 1575 2213; x_wconf 88' lang='lat' dir='ltr'>honorificus</span> <span class='ocrx_word' id='word_1_109' title='bbox 1593 2157 1882 2232; x_wconf 86' lang='lat' dir='ltr'>pateret</span> <span class='ocrx_word' id='word_1_110' title='bbox 1905 2139 2260 2234; x_wconf 72' lang='lat' dir='ltr'>ingressus,</span> 
     </span>
    </p>

    <p class='ocr_par' dir='ltr' id='par_1_4' title="bbox 374 2246 2271 2865">
     <span class='ocr_line' id='line_1_20' title="bbox 481 2246 2264 2338; baseline -0.003 -20"><span class='ocrx_word' id='word_1_111' title='bbox 481 2248 620 2318; x_wconf 90' lang='lat' dir='ltr'>Suo</span> <span class='ocrx_word' id='word_1_112' title='bbox 642 2298 661 2326; x_wconf 92' lang='lat'>,</span> <span class='ocrx_word' id='word_1_113' title='bbox 680 2248 855 2317; x_wconf 85' lang='lat' dir='ltr'>idest</span> <span class='ocrx_word' id='word_1_114' title='bbox 890 2246 1315 2338; x_wconf 87' lang='lat' dir='ltr'>Principum</span> <span class='ocrx_word' id='word_1_115' title='bbox 1334 2297 1354 2324; x_wconf 91' lang='lat'><strong><em>,</em></strong></span> <span class='ocrx_word' id='word_1_116' title='bbox 1375 2267 1573 2316; x_wconf 88' lang='lat' dir='ltr'>more</span> <span class='ocrx_word' id='word_1_117' title='bbox 1609 2246 1886 2316; x_wconf 87' lang='lat' dir='ltr'>latebat</span> <span class='ocrx_word' id='word_1_118' title='bbox 1906 2247 2264 2316; x_wconf 83' lang='lat' dir='ltr'>Cardina-</span> 
     </span>
     <span class='ocr_line' id='line_1_21' title="bbox 374 2350 2265 2444; baseline -0.005 -16"><span class='ocrx_word' id='word_1_119' title='bbox 374 2356 468 2428; x_wconf 86' lang='lat' dir='ltr'>lis</span> <span class='ocrx_word' id='word_1_120' title='bbox 500 2405 520 2434; x_wconf 85' lang='lat'>,</span> <span class='ocrx_word' id='word_1_121' title='bbox 551 2370 719 2421; x_wconf 85' lang='lat' dir='ltr'>curn</span> <span class='ocrx_word' id='word_1_122' title='bbox 762 2351 1025 2420; x_wconf 80' lang='lat' dir='ltr'>lateret</span> <span class='ocrx_word' id='word_1_123' title='bbox 1091 2355 1459 2422; x_wconf 83' lang='lat' dir='ltr'>neminem</span> <span class='ocrx_word' id='word_1_124' title='bbox 1492 2402 1511 2432; x_wconf 89' lang='lat'>,</span> <span class='ocrx_word' id='word_1_125' title='bbox 1555 2351 1852 2444; x_wconf 80' lang='lat' dir='ltr'>vulgato</span> <span class='ocrx_word' id='word_1_126' title='bbox 1909 2353 2049 2421; x_wconf 86' lang='lat' dir='ltr'>hoc</span> <span class='ocrx_word' id='word_1_127' title='bbox 2106 2350 2265 2440; x_wconf 87' lang='lat' dir='ltr'>ipso</span> 
     </span>
     <span class='ocr_line' id='line_1_22' title="bbox 379 2455 2270 2554; baseline -0.003 -23"><span class='ocrx_word' id='word_1_128' title='bbox 379 2461 581 2554; x_wconf 87' lang='lat' dir='ltr'>quod</span> <span class='ocrx_word' id='word_1_129' title='bbox 611 2479 749 2527; x_wconf 89' lang='lat' dir='ltr'>non</span> <span class='ocrx_word' id='word_1_130' title='bbox 782 2456 1115 2545; x_wconf 89' lang='lat' dir='ltr'>prodiret</span> <span class='ocrx_word' id='word_1_131' title='bbox 1148 2460 1220 2525; x_wconf 87' lang='lat' dir='ltr'>in</span> <span class='ocrx_word' id='word_1_132' title='bbox 1256 2455 1538 2548; x_wconf 71' lang='lat' dir='ltr'>vulgus·</span> <span class='ocrx_word' id='word_1_133' title='bbox 1595 2457 1918 2527; x_wconf 81' lang='lat' dir='ltr'>Interdiu</span> <span class='ocrx_word' id='word_1_134' title='bbox 1942 2456 2270 2549; x_wconf 83' lang='lat' dir='ltr'>Regimi-</span> 
     </span>
     <span class='ocr_line' id='line_1_23' title="bbox 377 2561 2271 2656; baseline -0.004 -18"><span class='ocrx_word' id='word_1_135' title='bbox 377 2569 453 2638; x_wconf 88' lang='lat' dir='ltr'>ni</span> <span class='ocrx_word' id='word_1_136' title='bbox 487 2561 1046 2656; x_wconf 76' lang='lat' dir='ltr'>praeordinando</span> <span class='ocrx_word' id='word_1_137' title='bbox 1102 2563 1413 2630; x_wconf 85' lang='lat' dir='ltr'>intentus</span> <span class='ocrx_word' id='word_1_138' title='bbox 1448 2616 1469 2645; x_wconf 91' lang='lat'>‚</span> <span class='ocrx_word' id='word_1_139' title='bbox 1508 2562 1722 2634; x_wconf 68' lang='lat' dir='ltr'>nod&#39;tu</span> <span class='ocrx_word' id='word_1_140' title='bbox 1773 2561 2271 2632; x_wconf 80' lang='lat' dir='ltr'>familiaribus</span> 
     </span>
     <span class='ocr_line' id='line_1_24' title="bbox 378 2665 2267 2760; baseline -0.004 -18"><span class='ocrx_word' id='word_1_141' title='bbox 378 2671 711 2742; x_wconf 84' lang='lat' dir='ltr'>ardentes</span> <span class='ocrx_word' id='word_1_142' title='bbox 731 2665 923 2735; x_wconf 81' lang='lat' dir='ltr'>faces</span> <span class='ocrx_word' id='word_1_143' title='bbox 949 2665 1499 2755; x_wconf 79' lang='lat' dir='ltr'>praeferentibus</span> <span class='ocrx_word' id='word_1_144' title='bbox 1532 2669 1910 2760; x_wconf 84' lang='lat' dir='ltr'>crypticas</span> <span class='ocrx_word' id='word_1_145' title='bbox 1931 2669 2267 2758; x_wconf 82' lang='lat' dir='ltr'>gradiens</span> 
     </span>
     <span class='ocr_line' id='line_1_25' title="bbox 377 2770 2271 2865; baseline -0.005 -17"><span class='ocrx_word' id='word_1_146' title='bbox 377 2776 975 2865; x_wconf 83' lang='lat' dir='ltr'>scalas(quarum</span> <span class='ocrx_word' id='word_1_147' title='bbox 1007 2793 1100 2843; x_wconf 86' lang='lat' dir='ltr'>ex</span> <span class='ocrx_word' id='word_1_148' title='bbox 1137 2772 1413 2843; x_wconf 81' lang='lat' dir='ltr'>aedibus</span> <span class='ocrx_word' id='word_1_149' title='bbox 1442 2771 1836 2844; x_wconf 79' lang='lat' dir='ltr'>pontificiis</span> <span class='ocrx_word' id='word_1_150' title='bbox 1870 2770 2271 2851; x_wconf 77' lang='lat' dir='ltr'>descensuS,</span> 
     </span>
    </p>
   </div>
   <div class='ocr_carea' id='block_1_2' title="bbox 379 2876 2265 3073">
    <p class='ocr_par' dir='ltr' id='par_1_5' title="bbox 379 2876 2265 3073">
     <span class='ocr_line' id='line_1_26' title="bbox 379 2876 2265 3050; baseline -0.005 -96"><span class='ocrx_word' id='word_1_151' title='bbox 379 2880 901 2973; x_wconf 67' lang='lat' dir='ltr'>interjee‘roque</span> <span class='ocrx_word' id='word_1_152' title='bbox 946 2898 1158 2970; x_wconf 86' lang='lat' dir='ltr'>aequo</span> <span class='ocrx_word' id='word_1_153' title='bbox 1187 2877 1339 2951; x_wconf 83' lang='lat' dir='ltr'>solo</span> <span class='ocrx_word' id='word_1_154' title='bbox 1367 2876 1681 2950; x_wconf 82' lang='lat' dir='ltr'>ascensus</span> <span class='ocrx_word' id='word_1_155' title='bbox 1712 2880 1913 2951; x_wconf 88' lang='lat' dir='ltr'>ducit</span> <span class='ocrx_word' id='word_1_156' title='bbox 1949 2879 2024 3050; x_wconf 70' lang='lat' dir='ltr'>inl</span> <span class='ocrx_word' id='word_1_157' title='bbox 2042 2876 2265 2946; x_wconf 83' lang='lat' dir='ltr'>Tem-</span> 
     </span>
     <span class='ocr_line' id='line_1_27' title="bbox 1944 3000 2156 3073; baseline -0.014 -22"><span class='ocrx_word' id='word_1_158' title='bbox 1944 3003 1993 3073; x_wconf 89' lang='lat' dir='ltr'>p</span> <span class='ocrx_word' id='word_1_159' title='bbox 2034 3000 2156 3050; x_wconf 85' lang='lat' dir='ltr'>um</span> 
     </span>
    </p>
   </div>
  </div>
 </body>
</html>
