2540 3543
229 415 324 488 sae
339 465 362 495 ,
379 413 472 484 ad
492 406 1130 481 Protoeremicolae
1162 413 1556 500 exemplar
1569 460 1594 493 ,
1612 333 2129 494 Familiae3gae‹

226 520 568 593 nobium,
606 510 1092 584 Clarimontis
1148 515 1427 585 idcirco
1485 518 1824 601 nomine,
1860 525 1924 594 δι
1974 528 2113 597 cir-

223 619 574 708 cumjeaa
631 618 1024 691 firmiffimi
1082 617 1618 713 propugnaculi
1673 626 2116 708 munitione,

219 743 381 797 tum
426 727 597 795 vero
636 724 1008 797 miraculis
1060 725 1339 822 inclyta
1383 724 1735 818 Deiparae
1793 729 2113 820 imagine

216 831 440 920 (Divi
462 826 683 900 Lucae
715 838 936 921 opus)
967 828 1440 922 conspicuum
1468 888 1484 902 .
1544 833 1686 931 Qui
1718 833 2114 904 adventan-

219 949 373 1006 tem
408 936 666 1005 obvius
699 937 794 1005 ad
822 935 1025 1006 mille
1056 937 1466 1006 admodum
1490 936 1724 1029 passus
1755 937 2111 1009 Cardina-

216 1040 368 1113 lem
392 1041 806 1111 deduxerat
836 1038 1148 1111 familiae
1172 1041 1485 1112 Antistes
1507 1038 1832 1114 fraudari
1855 1041 1921 1113 se
1942 1044 2109 1115 hos·

214 1147 438 1238 pitali
495 1145 726 1238 gloria
784 1147 1019 1236 paffus
1063 1168 1202 1216 non
1237 1146 1381 1218 fuit
1408 1201 1423 1218 .
1491 1148 1665 1219 Hoc
1707 1149 1937 1241 igitur
1966 1201 1989 1233 ‚
2021 1171 2108 1222 ac

215 1251 669 1343 praefidiario
702 1250 946 1320 milite
995 1252 1068 1320 in
1103 1251 1450 1323 laetitiam
1476 1303 1497 1333 ‚
1535 1251 2110 1346 obsequiumque

218 1355 439 1427 effuso
466 1407 486 1435 ,
518 1355 1034 1446 plaudentibus
1077 1373 1290 1449 grato
1328 1358 1676 1432 adventui
1719 1361 1935 1429 aeneis
1961 1377 2113 1432 tor-

215 1465 485 1532 mentis
517 1515 537 1541 ,
573 1460 1036 1551 splendidum
1075 1464 1472 1553 quatriduo
1529 1462 1941 1556 hospitium
1979 1486 2112 1539 ex-

217 1586 467 1659 pertus
501 1565 645 1636 fuit
673 1566 1093 1637 Cardinalis
1129 1619 1149 1648 ,
1193 1567 1478 1660 fuitque
1516 1591 1748 1641 morae
1779 1571 2110 1662 pretium

218 1672 617 1766 gloriosam
677 1673 960 1742 iconem
1010 1674 1415 1745 identidem
1448 1676 1776 1748 venerari
1807 1726 1829 1755 ‚
1865 1676 2110 1766 plura-

224 1798 364 1868 que
422 1799 588 1847 cum
647 1776 1082 1847 succedaneo
1140 1781 1212 1850 in
1272 1780 1632 1874 legatione
1680 1779 2110 1863 Grimaldo,

222 1885 352 1973 qui
373 1881 878 1951 VVarsaviam
902 1905 1208 1975 pergens
1235 1888 1706 1960 conveniendi
1740 1886 2114 1958 decefforis

219 1991 455 2080 gratia
477 1989 646 2058 illuc
670 1990 1064 2058 diverterat
1083 2038 1105 2067 ,
1127 1991 1295 2059 iniri
1315 1990 1682 2084 colloquia
1699 2047 1715 2064 .
1770 1991 2109 2063 Indidem

219 2095 604 2187 digreffus,
634 2093 1186 2163 Caenobitarum
1228 2097 1704 2190 militumque
1747 2100 2112 2168 comitatu

225 2222 364 2269 non
424 2201 799 2269 modicum
835 2199 972 2267 viae
1013 2197 1333 2289 spatium
1369 2202 1579 2275 simul
1613 2200 1897 2274 emenso
1930 2254 1951 2283 ‚
1987 2205 2110 2273 ob-

222 2303 595 2394 sequiique
630 2304 818 2393 figna
852 2305 1107 2373 eadem
1138 2356 1160 2385 ‚
1194 2327 1358 2395 quae
1392 2309 1816 2381 adventanti
1847 2310 2114 2401 praesto

227 2406 513 2477 fuerant
533 2458 551 2486 ‚
578 2407 1048 2488 instaurante,
1074 2411 1167 2480 ad
1200 2409 1923 2485 Uratislativiensem
1946 2413 2107 2483 Ur-

227 2514 394 2581 bem
434 2515 891 2603 praecipuam
920 2566 940 2595 ,
979 2512 1318 2607 faeiaque
1349 2518 1451 2590 ibi
1496 2520 1590 2590 ad
1648 2519 2107 2591 subobscuros

225 2617 626 2709 largissimo
662 2621 892 2686 imbre
926 2621 1079 2690 dies
1113 2622 1401 2713 aliquot
1436 2629 1636 2696 mora
1659 2677 1679 2705 ,
1709 2625 2108 2696 Volaviam

226 2724 567 2814 pervenit
606 2779 619 2794 .
678 2722 1188 2797 Honestiffimo
1225 2733 1297 2800 in
1326 2729 1721 2802 diversorio
1753 2728 2108 2799 subfisten-

226 2842 382 2897 tem
420 2827 657 2899 invisit
690 2827 886 2898 illico
907 2829 1254 2923 Princeps
1285 2834 1580 2908 lacobus
1601 2835 1926 2905 Subieski
1946 2883 1966 2910 ,
1987 2833 2109 2902 de-

224 2932 671 3025 dufiumque
705 2934 800 3004 ad
855 2934 1057 3006 suam
1116 2937 1187 3005 in
1226 2940 1460 3009 castro
1501 2938 1740 3009 sedem
1775 2958 2111 3031 peregre·

1145 3038 1206 3109 E
1323 3063 1365 3112 2
1891 3044 2008 3136 gie
