2540 3543
471 301 826 457 ἷῗετίυηπ
862 387 1076 458 molis
1120 389 1594 483 prospestum
1626 388 1927 462 sublime
1962 392 2259 462 decora-

366 493 495 562 bat
546 491 838 563 schema
891 492 1146 584 amplo
1182 494 1756 587 circumseptum
1792 517 2261 568 coronamen-

367 615 447 665 to
483 650 502 677 ,
542 599 858 668 alterum
897 596 1233 690 fignifero
1279 602 1351 670 in
1384 601 1644 671 caelesti
1679 603 1848 672 orbe
1882 652 1904 680 ,
1935 604 2007 672 in
2042 603 2251 671 terris

367 702 686 774 alterum
721 703 1000 772 leonem
1050 703 1420 775 ostendens
1463 726 1633 773 cum
1666 706 2048 778 lemmate.

575 806 1071 876 MAGNUM
1132 805 1675 905 UTRINQUE
1735 809 2073 881 DECUS

485 912 781 981 Suberat
820 913 989 978 huic
1023 907 1363 998 symbolo
1414 911 1707 1001 sequens
1737 910 2158 1003 Inscriptio,

374 1068 559 1120 ‘mos
588 1065 758 1118 DUM
785 1064 1177 1117 CURRIMUS
1208 1067 1290 1118 IN
1307 1067 1692 1121 AMPLEXUS
1707 1046 2280 1118 BENEDICTE

410 1190 626 1260 QUAM
649 1189 965 1240 CAPIMUS
991 1191 1377 1243 FASTIDIRE
1400 1194 1747 1247 COGIMUR
1765 1195 2264 1248 voLUPTATEM

559 1314 904 1366 NIMIRUM
941 1316 1044 1366 AD
1080 1315 1494 1375 INFULATU,
1531 1319 1634 1370 AD
1670 1318 2092 1372 PURPURAM

380 1454 932 1508 HAEREDITARHS
947 1438 1152 1507 TER
1166 1439 1553 1510 MAXIMI
1570 1441 2092 1511 AVUNCULI
2109 1442 2281 1509 TUI

899 1563 1354 1616 VIRTUTIBUS
1404 1566 1760 1617 EVECTUM

378 1688 480 1740 AD
495 1689 1002 1745 APOSTOLICUM
1027 1690 1529 1751 FASTIGIUMTE
1544 1699 1736 1749 POSCI
1755 1699 2285 1752 PRAESENTIMUS

833 1817 1051 1887 QUAM
1088 1822 1186 1871 DE
1224 1822 1434 1873 NOBIS
1484 1821 1831 1873 SOLICITI!

845 1942 945 1993 NE
982 1944 1340 1997 NOSTRAM
1377 1946 1817 1998 AMITTAMUS

531 2024 972 2119 COMMUNEM
1005 2069 1221 2122 ORBIS
1262 2072 1755 2124 FELICITATEM
1791 2070 2126 2123 TIMEMUS

492 2179 849 2258 Romani,
884 2197 963 2250 ut
1003 2202 1264 2254 vocant
1300 2236 1320 2264 ‚
1352 2184 1583 2255 Stadii
1615 2186 1890 2264 Portae,
1921 2186 2060 2276 quei
2084 2182 2279 2255 Tici-

387 2280 674 2352 nensem
716 2287 1141 2376 prosped'oeit
1172 2290 1314 2358 alia
1349 2291 1796 2362 imminebat
1827 2292 1901 2361 in
1922 2292 2059 2361 hoc
2094 2289 2279 2362 invi-

392 2401 803 2457 tamentum
839 2392 1280 2482 epigraphe.

1149 2519 1532 2574 INTROEAT

1023 2597 1319 2649 PATRIAE
1356 2602 1651 2663 CHARUS

998 2679 1305 2733 IMPERIO
1342 2684 1679 2743 CHARIOR

884 2762 1266 2814 VATICANO
1315 2767 1797 2830 CHARISSIMUS

973 2848 1196 2906 ERBA‚
1236 2848 1465 2905 URBE,
1502 2850 1696 2906 ORBE

1044 2928 1610 2988 EXULTANTIBUS

1955 3025 2181 3096 Arcus
