2540 3543
1911 293 1937 337 1

219 375 564 467 tempesta
593 371 845 441 eadem
888 368 1097 437 noste
1127 366 1519 456 expeditus
1553 367 1590 437 a
1621 370 1904 442 solicito
1926 291 2109 444 gra-

213 502 366 553 tore
383 476 638 547 -cursor
678 474 909 544 literis
954 473 1051 541 ad
1088 471 1368 561 patrios
1401 469 1848 542 Decuriones
1882 479 1970 545 de
2005 476 2112 546 fe-

209 582 540 656 liciffimo
575 580 679 650 rei
711 593 972 649 eventu
1010 574 1433 667 perscriptis
1465 630 1483 648 .
1552 573 1801 645 Primo
1836 598 2102 653 mane„

209 687 548 759 certiores
594 686 684 756 ab
716 705 802 755 eo
848 681 1030 753 facti
1060 683 1187 774 qui
1238 679 1632 752 solemnem
1682 678 1778 749 ad
1808 678 2103 750 Pontifi-

209 794 357 864 cios
389 792 610 884 pedes
657 788 1008 862 accessum
1056 786 1330 859 affeclae
1379 785 2102 858 concelebraverant.

210 898 414 969 Huic
442 897 800 987 alterique
834 895 1029 965 nosti
1064 893 1325 963 diurno
1360 892 1661 963 aernulus
1694 890 2104 963 oblustatus

211 1002 359 1074 fuit
402 1002 743 1096 splendor
773 1054 795 1082 ,
826 1001 1050 1070 cereis
1095 996 1459 1069 fanalibus
1493 1048 1515 1075 ,
1560 995 1954 1089 ignitisque
2005 1015 2102 1068 ex

213 1110 622 1200 composito
672 1105 974 1178 cadiscis
1039 1105 1132 1174 ad
1168 1103 1437 1173 Palatii
1501 1099 2101 1192 frontispicium„

211 1236 353 1285 non
392 1235 533 1284 uno
577 1212 828 1284 ordine
871 1208 1386 1281 collucentibus
1412 1265 1428 1280 .
1487 1206 1679 1278 Haec
1717 1209 1917 1298 apud
1953 1209 2099 1279 Ro-

212 1317 521 1389 micolas
564 1319 658 1389 ad
703 1315 1046 1387 laetitiam
1071 1365 1092 1394 ,
1131 1314 1224 1383 ad
1257 1314 1817 1385 ostentationem
1850 1314 2103 1403 prodi-

212 1426 424 1504 bant,
445 1422 848 1516 usquedum
876 1423 1111 1493 Roma
1148 1418 1376 1492 altera
1402 1420 1472 1488 &
1496 1418 1769 1512 gaudio
1793 1419 1864 1489 &
1881 1440 2097 1511 pom--¹

214 1550 315 1622 pa
349 1529 861 1620 praeemineret
890 1584 907 1601 .

212 1673 215 1675 -
315 1632 444 1707 XI.
473 1635 644 1707 Kal.
673 1633 1120 1727 Septembris
1156 1631 1498 1704 Generali
1543 1630 1736 1702 illius
1768 1629 2103 1706 Concilio

210 1743 627 1812 renunciata
666 1741 1096 1832 optatissimi
1118 1792 1139 1821 ‚
1173 1741 1484 1832 quemue
1515 1739 1796 1808 eximia
1833 1740 2101 1811 merita

207 1847 981 1938 praemonstraverant,
1003 1844 1555 1916 Archiflaminis
1591 1844 2093 1936 inauguratio:

208 1973 294 2021 eo
328 1953 785 2045 gestientium
821 1950 1207 2044 plausu‚ut
1238 1951 1433 2021 haud
1462 1949 1678 2020 facile
1710 1962 2107 2040 appareret

209 2060 450 2129 verius
479 2060 562 2128 ne
579 2057 1060 2148 Ampliffimae
1083 2058 1463 2149 dignitatis
1486 2056 1697 2125 decus
1715 2069 2101 2145 acceptum

207 2161 558 2233 referrent
578 2162 1017 2254 Metropoli,
1033 2185 1122 2232 an
1143 2160 1753 2252 MetropolitanO.
1778 2155 1896 2230 Ut
1915 2157 2102 2239 Deo,

205 2281 290 2338 ut
325 2269 519 2338 illius
551 2269 623 2337 in
657 2284 1012 2339 terrarum
1034 2267 1226 2337 Orbe
1248 2265 1736 2358 Vicesgerenti
1769 2282 2008 2356 grates
2028 2266 2102 2335 ὃς

205 2373 544 2463 obsequia
583 2372 1140 2463 praestarentur:
1191 2387 1268 2441 ut
1310 2370 1589 2441 caelitus
1635 2371 1893 2440 datum
1922 2371 2099 2440 Am-

205 2478 553 2548 brofianae
591 2477 917 2550 Ecclefiae
961 2477 1352 2549 Luminare
1412 2478 1816 2547 indicarent
1872 2490 2092 2545 terre-

204 2583 378 2652 stres
397 2582 654 2654 faculae
688 2610 704 2654 ε
735 2600 814 2654 ut
841 2585 1068 2657 evec'ti
1093 2583 1394 2654 patricii
1424 2582 1842 2659 celeb-ritas,
1866 2598 1940 2649 ut
1961 2602 2092 2670 pu-

201 2688 474 2760 blicum
509 2691 863 2781 gaudium
899 2689 1196 2760 solemni
1233 2711 1435 2759 more
1471 2686 2093 2779 panderetur,de—

201 2796 548 2864 mandata
572 2794 1462 2866 TribunaliProvisionurn
1499 2814 1701 2863 cura.
1758 2790 2092 2859 Promul-

201 2916 371 2993 gata
403 2901 568 2971 ideo
604 2901 739 2972 hoc
778 2901 1062 2991 jubente
1093 2901 1327 2970 edicta
1347 2898 1642 2969 Patricii
1681 2895 2088 2987 promotio-

1780 3021 1984 3078 nem,
